@book{abbas2010,
author= {A. K. Abbas and A. H. Lichtman and S. Pillai},
title={Cellular and Molecular Immunology.},
publisher={Saunders Elsevier}, 
year={2010}}

@article{akwa1998,
author= {Y. Akwa and D. E. Hassett and M. L. Eloranta and K. Sandberg and E. Masliah and H. Powell and J. L. Whitton and F. E. Bloom FE
and I. L. Campbell}, 
title={Transgenic expression of IFN-alpha in the central nervous system of mice
protects against lethal neurotropic viral infection but induces inflammation and neurodegeneration}, 
journal={J. Immunol},  
volume={161},  
year={1998}, 
pages={5016-5026}} 

@article{albert2001, 
author= {M. L. Albert   and  M. Jegathesan and  R. B. Darnell}, 
title={Dendritic cell maturation is required for the cross tolerization
of CD8+ T cells}, 
journal={Nature Immunology},  
volume={12},  
year={2001}, 
pages={1010-1017}}

@article{allan2003, 
author= {R. S. Allan  and  C. M. Smith and  G. T. Belz  and  A. L. van Lint  and  L. M. Wakim  and  W. R. Heath  and  F. R. Carbone}, 
title={Epidermal viral immunity induced by CD8$\alpha^+$ dendritic cells but not by Langerhans cells},
journal={Science},  
volume={301},  
year={2003}, 
pages={1925-1928}} 

@article{allegrini2010,
   author = {P. Allegrini and P. Paradisi and D. Menicucci and A. Gemignani},
   title = {{Fractal complexity in spontaneous EEG metastable-state
   transitions: new vistas on integrated neural dynamics}},
   journal = {Frontiers in Physiology},
   volume = {1},
   url = {http://journal.frontiersin.org/article/10.3389/fphys.2010.00128},
   year = {2010}
}

@inbook{allen2007,
author= {S. Allen and S. Crown and T. Handel},
title={Chemokine: Receptor Structure, Interactions and Antagonism},
booktitle={Annual Review of Immunology},
publisher={Annual Reviews}, 
volume={25}, 
year={2007},
pages={787-820}}

@incollection{almo2010,
author = {S. Almo and A. Resnick and X. Zhang},
title={Mechanistic Features of Cell-Surface Adhesion Receptors},
booktitle={Handbook of Cell Signalling: Volume One},
editor={R. Bradshaw and E. Dennis},
publisher = {Elsevier},
pages={63-69},
year = {2010}}

@book{alon2006,
	author = {U. Alon},
        title ={An Introduction to Systems Biology: Design
	Principles of Biological Circuits},
	publisher = {Chapman \& Hill: CRC Mathematical and Computational Biology},
      	year = {2006}}

@article{alpert2003, 
author= {S. G. Alpert   and  J. Fergerson  and  L. P. Noel}, 
title={Intrauterine West Nile virus: ocular and systemic findings}, 
journal={Am. J. Ophthalmology},  
volume={136},  
year={2003}, 
pages={733-735}} 

@article{aluvihare2004, 
author= {V. R. Aluvihare  and  M. Kallikourdis and  A. G. Betz}, 
title={Regulatory T cells mediate maternal tolerance to the fetus}, 
journal={Nature Immunology},  
volume={15},  
year={2004}, 
pages={266-271}}

@article{andrews1999, 
author= {D. M. Andrews  and  V. B. Matthews  and  L. M. Sammels  and  A. C. Carrello  and  P. C. McMinn}, 
title={The severity of
murray valley encephalitis in mice is linked to neutrophil infiltration and inducible nitric oxide
synthase activity in the central nervous system}, 
journal={J. Virology},  
volume={73},  
year={1999}, 
pages={8781-8790}}

@article{ansarimapp2002,
author= {A. Ansari and A. Mapp},
title={Modular design of artificial transcription factors},
journal={Current Opinion in Chemical Biology}, 
volume={6}, 
year={2002},
pages={765-772}}

@article{argall1991, 
author= {K. G. Argall  and  P.  J. Armati  and  N. J. C. King  and  M. W. Douglas}, 
title={The effects of West Nile virus on major
histocompatibility complex class I and II molecule expression by Lewis rat Schwann cells in
vitro}, 
journal={J. Neuroimmunology},  
volume={135},  
year={1991}, 
pages={273-284}}

@article{arjona2007, 
author= {A. Arjona  and  H. G. Foellmer  and  T. Town  and  L. Leng  and  C. McDonald  and  T. Wang 
and  S. J. Wong and  R. R. Montgomery  and 
E. Fikrig  and  R. Bucala}, 
title={Abrogation of macrophage migration inhibitory factor decreases
West Nile virus lethality by limiting viral neuroinvasion}, 
journal={J. Clinical Investigations},  
volume={117},  
year={2007}, 
pages={3059-3066}}

@book{armstrong2013,
author = {J. Armstrong},
title = {Programming Erlang Second Edition: Software for a Concurrent World},
publisher = {The Pragmatic Bookshelf}, 
address = {Dallas, TX},
year = {2013}}

@article{arnold2004,
author= {S. Arnold and S. Osvath and R. Hall and N. J. C. King and L. Sedger},
title ={Regulation of antigen processing and presentation molecules
     in West Nile virus-infected human skin fibroblasts},
journal={Virology}, 
volume={324}, 
year={2004},
pages={286 - 296}}

@incollection{avalos2014,
author= {A. Avalos and F. Meyer-Wentrup and H. Ploegh},
title={B-Cell Receptor Signaling in Lymphoid Malignancies and Autoimmunity},
booktitle={Advances in Immunology},
publisher={Elsevier}, 
volume={123}, 
year={2014},
pages={1-67}}

@article{baeuerle1988, 
author= {P. A. Baeuerle  and  D. Baltimore}, 
title={I $\kappa$ B: a specific inhibitor of the NF-$\kappa$ B transcription
factor}, 
journal={Science},  
volume={242},  
year={1988}, 
pages={540-546}} 

@inbook{baeuerle1994, 
author= {P. A. Baeuerle  and  T. Henkel}, 
title={Function and activation of NF-$\kappa$ B in the immune system}, 
booktitle={Annual Review of Immunology}, 
publisher={Annual Reviews},
volume={12},  
year={1994}, 
pages={141-179}}

@article{baez2002,
   author = {J. Baez},
   title = {The Octonions},
   journal = {Bulletin of the American Mathematical Society (New Series).},
   volume = {39},
   number={2},
   pages = {145-205},
   year = {2002}}

@article{baez2012,
   author = {J. Baez},
   title = {Division Algebras and Quantum Theory},
   journal = {Found. Physics},
   volume = {42},
   pages = {819-855},
   year = {2012}}

@article{bakonyi2005, 
author= {T. Bakonyi  and  Z. Hubalek  and  I. Rudolf and  N. Nowotny}, 
title={Novel flavivirus or new lineage of West Nile
virus and  central Europe}, 
journal={Emerging Infectious Diseases},  
volume={11},  
year={2005}, 
pages={225-231}}

@article{bao1992,
author= {S. Bao and N. J. C. King and R. Dos},
title ={Flavivirus induces MHC antigen on human myoblasts: 
       a model of autoimmune myositis?},
journal={Muscle Nerve}, 
volume={15}, 
year={1992},
pages={1271 - 1277}}	

@article{baranowski2001,
author= {E. Baranowski and C. Ruiz-Jarabo and E. Domingo},
title ={Evolution of Cell Recognition by viruses},
journal={Science}, 
volume={292}, 
year={2001},
month={May},
pages={1102 - 1105}}

@Incollection{Barlow1998,
author="Barlow, Martin T.",
editor="Bernard, Pierre",
title="Diffusions on fractals",
bookTitle="Lectures on Probability Theory and Statistics: Ecole d'Et{\'e} de Probabilit{\'e}s de Saint-Flour XXV---1995",
year="1998",
publisher="Springer Berlin Heidelberg",
address="Berlin, Heidelberg",
pages="1--121",
isbn="978-3-540-69228-7",
doi="10.1007/BFb0092537",
url="http://dx.doi.org/10.1007/BFb0092537"
}

@article{barron2010,
author= {A. Barron and E. S{\o}vik and J. Cornish},
title={{The roles of dopamine and related compounds in reward-seeking
behavior across animal phyla}},
journal={Frontiers in Behavioral Neuroscience}, 
volume={4}, 
year={2010},
pages={1-9}}

@article{baslow2011,
author= {M. Baslow},
title={The vertebrate brain, evidence of its modular
organization and operating system: insights into the brain's basic units of
structure, function, and operation and how they influence neuronal
signaling and behavior},
journal={Frontiers in Behavioral Neuroscience}, 
volume={5}, 
year={2011},
pages={1-7}}

@article{beauchamp2005,
author= {M. Beauchamp},
title={{"See me, hear me, touch me: multisensory integration in
lateral occipital - temporal cortex"}},
journal={Current Opinion in Neurobiology}, 
volume={15}, 
year={2005},
pages={145-153}}

@article{beghdadi2011,
   author = {W. Beghdadi and L. Madjene and M. Benhamou and N. Charles and G. Cauthier 
   and P. Launay and U. Blank},
   title = {Mast Cells as cellular sensors in inflammation and immunity},
   journal = {Frontiers in Immunology},
   volume = {2},
   number={37},
   url={http://dx.doi.org/10.3389/fimmu.2011.00037},
   year = {2011}}

@article{belz2004, 
author= {G. T. Belz  and  C. M. Smith  and  L. Kleinert and  P. Reading  and  A. Brooks  and  K. Shortman  and  F. R. Carbone  and  W. R. Heath}, 
title={Distinct migrating and nonmigrating dendritic cell populations are involved in MHC
class I-restricted antigen presentation after lung infection with virus}, 
journal={Proc. National Academy of Sciences USA},  
volume={101},  
year={2004}, 
pages={8670-8675}} 

@article{bennathan1996, 
author= {D. Ben-Nathan  and  I. Huitinga  and  S. Lustig  and  N. van Rooijen  and  D. Kobiler}, 
title={West Nile virus neuroinvasion
and encephalitis induced by macrophage depletion in mice}, 
journal={Arch. Virology},  
volume={141},  
year={1996}, 
pages={459-469}}

@article{berridge1997,
author= {M. Berridge},
title ={Elementary and Global Aspects of Calcium Signalling},
journal={J. Physiology}, 
volume={499}, 
year={1997},
pages={291 - 306}}

@article{bhat2009,
author= {R. Bhat and L. Steinman},
title={Innate and Adaptive Autoimmunity Directed to the Central Nervous System},
journal={Neuron}, 
volume={64}, 
year={2009},
pages={123-132}}

@book{black91,
	author = {I. Black},
        title = {Information in the Brain: A Molecular
                  Perspective}, 
	series = {A Bradford Book}, 
	publisher = {MIT Press}, 
	address={Boston, MA},
	year = {1991}}

@inbook{blum2013,
author = {J. blum and P. Wearsch and P. Cresswell},
title={Pathways of Antigen Processing},
booktitle={Annual Review of Immunology},
publisher = {Annual Reviews},
pages={443-473},
year = {2013}}

@article{borisov2005,
author= {N. Borisov and N. Markevich and J. Hoek and B. Kholodenko},
title={Trading the micro-world of combinatorial complexity for the
macro-world of protein interaction domains},
journal={Biosystems}, 
volume={83}, 
year={2006},
pages={152-166}}

@book{bower98,
	author = {J. Bower and D. Beeman}, 
        title = {{The Book of Genesis:
                  Exploring Realistic Neural Models with the GEneral
                  NEural SImulation System}}, 
	edition = {Second Edition},
	publisher = {Springer TELOS},
        year = {1998}}

@book{braun1978,
author = {M. Braun},
title = {Differential Equations and Their Applications},
publisher = {Springer-Verlag},
year = {1978}}

@inbook{bray1998,
author= {D. Bray},
title ={Signalling Complexes: Biophysical Constraints
       on Intracellular Communication},
booktitle={Annual Review of Biophysics and Biomolecular Structure}, 
publisher={Annual Reviews},
volume={27}, 
year={1998},
pages={59 - 75}}	

@article{briese1999, 
author= {T. Briese  and  X. Y. Jia  and  C. Huang  and  L. J. Grady  and  W. I. Lipkin}, 
title={Identification of a Kunjin/West Nile-like
flavivirus in brains of patients with New York encephalitis}, 
journal={Lancet},  
volume={354},  
year={1999}, 
pages={1261-1262}}

@inbook{brigl2004,
author= {M. Brigl and M. Brenner},
title ={CD1: Antigen Presentation and T Cell Function},
booktitle={Annual Review of Immunology}, 
publisher={Annual Reviews},
volume={22}, 
year={2004},
pages={817 - 890}}

@inbook{brinton2002,
author= {M. Brinton},
title ={The Molecular Biology of the West Nile Virus:
     A new invader of the western hemisphere},
booktitle={Annual Review Microbiology}, 
publisher={Annual Reviews},
volume={56}, 
year={2002},
pages={371 - 402}}

@book{brodal1992,
author = {P. Brodal},
title = {{The Central Nervous System: Structure and Function}},
publisher = {Oxford University Press}, 
address = {New York}, 
year = {1992}}

@article{bromley2000,
author= {S. Bromley and D. Peterson and M. Gunn and M. Dustin},
title ={Cutting Edge: Hierarchy of Chemokine Receptor and TcR signals
regulating T Cell Migration and Proliferation},
journal={Journal of Immunology}, 
volume={165},
number={}, 
year={2000},
pages={15-19}}

@article{bromley2001,
author= {S. Bromley and A. Laboni and S. Davis and A. Whitty
and J. Green and A. Shaw and A. Weiss and M. Dustin},
title={The immunological synapse and CD28-CD80 interactions},
journal={Nature Immunology}, 
volume={2}, 
year={2001},
pages={1159-1166}}

@inbook{brubaker2015,
author = {S. Brubaker and K. Bonham and I. Zanoni and J. Kagan},
title={Innate Immune Pattern Recognition: A Cell Biological Perspective},
booktitle={Annual Review of Immunology},
publisher = {Annual Reviews},
pages={257-290},
year = {2015}}

@article{burke2004, 
author= {S. A. Burke  and  L. Wen  and  N. J. C. King}, 
title={Routes of inoculation and the immune response to a resolving
genital flavivirus infection in a novel murine model}, 
journal={Immunol. Cell. Biol.},  
volume={82},  
year={2004}, 
pages={174-183}}

@article{buxhoeveden2002a,
author= {D. Buxhoeveden and M. Casanova},
title={{The minicolumn hypothesis in neuroscience}},
journal={Brain}, 
volume={125}, 
year={2002},
pages={935-951}
}

@article{buxhoeveden2002b,
author= {D. Buxhoeveden and M. Casanova},
title={{The Minicolumn and the Evolution of the Brain}},
journal={Brain, Behavior and Evolution}, 
volume={60}, 
year={2002},
pages={125-151}
}

@article{byrne2001, 
author= {S. N. Byrne  and  G. M. Halliday  and  L. J. Johnston and  N. J. C. King}, 
title={Interleukin-1$\beta$ but not tumor necrosis
factor is involved in West Nile virus-induced Langerhans cell migration from the skin in
C57BL/6 mice}, 
journal={J. Invest. Dermatology},  
volume={117},  
year={2001}, 
pages={702-709}}

@inbook{call2005,
author= {M. Call and K. Wucherpfennig},
title={The T Cell Receptor: Critical Role of the Membrane
Environment in Receptor Assembly and Function},
booktitle={Annual Review of Immunology},
publisher={Annual Reviews}, 
volume={23}, 
year={2005},
pages={101-125}}

@article{callaway2014,
author= {E. Callaway},
title={Jelly genome mystery},
journal={Nature}, 
volume={509}, 
year={2014},
pages={411}}

@article{campbell1999, 
author= {I. L. Campbell  and  T. Krucker and  S. Steffensen  and  Y. Akwa  
and  H. C. Powell  and  T. Lane  and  D. J. Carr and  L. H. Gold  and  S. J. Henriksen
and  G. R. Siggins}, 
title={Structural and functional neuropathology in transgenic mice with CNS
expression of IFN-$\alpha$}, 
journal={Brain Research},  
volume={835},  
year={1999}, 
pages={46-61}} 

@article{campbell2002,
author= {G. Campbell and A. Marfin and R. Lanciotti and D. Gubler},
title ={West Nile Virus},
journal={The Lancet: Infectious Diseases}, 
volume={2}, 
year={2002},
month={September},
pages={519 - 529}}

@article{capuron2004,
author= {L. Capuron and A. Miller},
title ={Cytokines and Psychopathology: Lessons from
      Interferon-$\alpha$},
journal={Biol. Psychiatry}, 
volume={56}, 
year={2004},
pages={819 - 824}}

@article{carafoli2001,
author= {E. Carafoli and L. Santella and D. Branca and M. Brini},
title ={Generation, Control and Processing of Cellular
       Calcium Signals},
journal={Critical Reviews in Biochemistry and Molecular Biology}, 
volume={36}, 
year={2001},
number={2},
pages={107 - 260}}

@article{carbone2004, 
author= {F. R. Carbone  and  G. T. Belz  and  W. R. Heath}, 
title={Transfer of antigen between migrating and lymph noderesident
DCs in peripheral T-cell tolerance and immunity}, 
journal={Trends Immunol.},  
volume={25},  
year={2004}, 
pages={655-658}}

@article{carlsson2008,
author= {G. Carlsson and T. Ishkhanov and V. de silva and A. Zomorodian},
title={{On the Local Behavior of Spaces of Natural Images}},
journal={International Journal of Computer Vision}, 
volume={76}, 
year={2008},
pages={1-12}}

@article{carlsson2009,
author= {G. Carlsson},
title={{Toploogy and Data}},
journal={Bulletin (New Series) of the American Mathematical Society}, 
volume={46}, 
number={2},
year={2009},
pages={255-308}}

@inbook{castellino2006,
author= {F. Castellino and R. Germain},
title={Cooperation Between CD4$^+$ and
CD8$^+$ T Cells: When, Where and How},
booktitle={Annual Review of Immunology},
publisher={Annual Reviews}, 
volume={24}, 
year={2006},
pages={519-540}}

@book{cdc2002a,
author = {CDC Staff},
title = {Intrauterine West Nile virus infection},
publisher = {Centers for Disease Control and Prevention (CDC)},
year = {2002}}

@article{cdc2002b, 
author= {CDC Staff}, 
title={Intrauterine West Nile virus infection}, 
journal={MMWR Morb Mortal Weekly Rep},  
volume={51},  
year={2002}, 
pages={1135-1136}}

@article{cdc2002c, 
author= {CDC Staff}, 
title={Intrauterine West Nile virus infection}, 
journal={JAMA},  
volume={289},  
year={2002}, 
pages={295-296}}

@incollection{cerboni2013,
author= {S. Cerboni and M. Gentili and N. Manel},
title={Diversity of Pathogen Sensors in Dendritic Cells},
booktitle={Advances in Immunology},
publisher={Elsevier}, 
volume={120}, 
year={2013},
pages={211-237}}

@article{chakraborty2010,
author= {A. Chakraborty and J. Das},
title={Pairing Computation with experimentation: a powerful
coupling for understanding T cell signalling},
journal={Nature Reviews: Immunology}, 
volume={10}, 
year={2010},
pages={59-71}}

@article{chatterjee2000, 
author= {M. Chatterjee-Kishore and  F. van Den Akker F and  G. R. Stark}, 
title={Adenovirus E1A down-regulates LMP2
transcription by interfering with the binding of stat1 to IRF1}, 
journal={J .Biol. Chem.},  
volume={275},  
year={2000}, 
pages={20406-20411}}

@article{chaturvedi1980, 
author= {U. C. Chaturvedi  and  A. Mathur  and  A. Chandra  and  S. K. Das  and  H. O. Tandon  and  U. K. Singh}, 
title={Transplacental
infection with Japanese encephalitis virus}, 
journal={J. Infect. Diseases},  
volume={141},  
year={1980}, 
pages={712-715}} 

@article{cheng2004a, 
author= {Y. Cheng  and  N. J. C. King and  A. M. Kesson}, 
title={Major histocompatibility complex class I (MHC-I) induction
by West Nile virus: involvement of 2 signaling pathways in MHC-I up-regulation}, 
journal={J. Infect. Diseases},  
volume={189},  
year={2004}, 
pages={658-668}} 

@article{cheng2004b, 
author= {Y. Cheng Y  and  N. J. C. King and  A. M. Kesson}, 
title={The role of tumor necrosis factor in modulating responses
of murine embryo fibroblasts by flavivirus and  West Nile}, 
journal={Virology},  
volume={329},  
year={2004}, 
pages={361-370}}

@article{chensue2001,
author= {S. Chensue},
title ={Molecular Machinations: Chemokine Signals in Host-Pathogen Interactions},
journal={Clinical Microbiology Reviews}, 
month={October}, 
year={2001},
pages={821 - 835}}

@article{chevillon2003,
author= {C. Chevillon and A. Failloux},
title ={Questions on viral population biology to complete dengue puzzle},
journal={Trends In Microbiology}, 
volume={11}, 
number={9},
month={September},
year={2003},
pages={415 - 421}}

@article{ciota2007, 
author= {A. T. Ciota  and  K. A. Ngo  and  A. O. Lovelace  and  A. F. Payne  and  Y. Zhou  and  P. Y. Shi  and  L. D. Kramer}, 
title={Role of the
mutant spectrum in adaptation and replication of West Nile virus}, 
journal={J. General Virology},  
volume={88},  
year={2007}, 
pages={865-874}}

@article{choudhuri2005,
   author = {K. Choudhuri and D. Wiseman and M. Brown and K. Gould and P. van der Merwe},
   title = {T-cell receptor triggering is critically dependent on the dimensions of its peptide-MHC ligand},
   journal = {Nature},
   volume = {436},
   number={28},
   pages = {578-582},
   year = {2005}}

@article{clark1991, 
author= {D. A. Clark}, 
title={Controversies in reproductive immunology}, 
journal={Critical Rev. Immunology},  
volume={11},  
year={1991}, 
pages={215-247}} 

@incollection{cohen2009,
author= {N. Cohen and S. Garg and M. Brenner},
title={Antigen Presentation by CD1: Lipids, T Cells, and NKT  Cells in Microbial
Immunity},
booktitle={Advances In Immunology},
publisher={Elsevier}, 
volume={102}, 
year={2009},
pages={1-71}}

@article{compeer2012,
author= {E. Compeer and T. Flinsenbeerg and S. van der Grein and M. Boes},
title={Antigen processing and remodeling of the endosomal pathway:
requirements for antigen cross-presentation},
journal={Frontiers in Immunology}, 
volume={3}, 
year={2012},
pages={1-11}}

@incollection{conkey1999,
	author = {M. Conkey},
        title = {{"A History of the Interpretation of European
                  `paleolithic art': magic, mythogram, and
		   metaphors for modernity"}}, 
        booktitle =  {Handbook of Human
                       Symbolic Evolution}, 
        editor = {A. Lock and C. Peters},
        address = {Massachusetts}, 
	publisher = {Blackwell Publishers}, 
	year = {1999}} 

@article{connolly2000a,
author = {C. Connolly and J. Burns and M. Jog},
title = {A dynamical systems model for Parkinson's disease},
journal = {Biol. Cybern.},
volume = {83}, 
year = {2000}, 
pages = {47 - 59}}

@article{cumberbatch1997, 
author= {M. Cumberbatch and  R. J. Dearman  and  I. Kimber}, 
title={Langerhans cells require signals from both
tumour necrosis factor-$\alpha$ and interleukin-1 $\beta$ for migration}, 
journal={Immunology},  
volume={92},  
year={1997}, 
pages={388-395}}

@incollection{daniel2011,
author= {C. Daniel and H. Boehmer},
title={Extrathymic Generation of Regulatory T Cells - Chances
and Challenges for Prevention of Autoimmune Disease},
booktitle={Advances in Immunology},
publisher={Elsevier}, 
volume={112}, 
year={2011},
pages={177-213}}

@article{davis2003,
   author = {D. Davis and T. Igakura and F. McCann and L. Carlin and K. Anderson and
   B. Vanherberghen and A. Sj{\"{o}}str{\"{o}}m and C. Bangham and P. H{\"{o}}glund},
   title = {The protean immune cell synapse: a supramolecular structure with many functions},
   journal = {Seminars in Immunology},
   volume = {15},
   pages = {317-324},
   year = {2003}}

@inbook{davis2007,
author= {M. Davis and M. Krogsgaard and M. Huse
and J. Huppa and B. Lillemeier and Q. Li},
title={T Cells as a Self-Referential Sensory Organ},
booktitle={Annual Review of Immunology},
publisher={Annual Reviews}, 
volume={25}, 
year={2007},
pages={681-695}}

@article{debekker2014,
author= {C. de Bekker and M. Merrow and D. Hughes},
title={{From Behavior to Mechanism: An Integrative Approach
to the Manipulation by a Parasitic Fungus ( Ophiocordyceps unilateralis s. l. ) of Its Host Ants
( Camponotus spp.}},
journal={Integrative and Comparative Biology}, 
volume={54}, 
number={2},
year={2014},
pages={166-176}}
	
@article{delisi1985,
author= {C. Delisi and J. Bernowski},
title ={T-cell antigenic sites tend to be amphipathic structures},
journal={Proc. Natl. Acad. Sci. USA}, 
volume={82}, 
year={1985},
pages={7048 - 7052}}

@article{derby2001, 
author= {M. A. Derby  and  M. A. Alexander-Miller  and  R. Tse and  J. A. Berzofsky}, 
title={High-avidity CTL exploit two
complementary mechanisms to provide better protection against viral infection than low-avidity
CTL}, 
journal={J. Immunology},  
volume={166},  
year={2001}, 
pages={1690-1697}}

@article{deverman2009,
author= {B. Deverman and P. Patterson},
title={Cytokines and CNS Development},
journal={Neuron}, 
volume={64}, 
year={2009},
pages={61-78}}

@book{diamond1985,
	author = {M. Diamond and A. Scheibel and L. Elson},
        title = {{The Human
                  Brain Coloring Book}}, 
	publisher = {Barnes and Noble Books}, 
	address = {New York}, 
	year = {1985}}
	
@article{diamond2003a, 
author= {M. S. Diamond  and  B. Shrestha  and  A. Marri  and  D. Mahan  and  M. Engle}, 
title={B cells and antibody play critical
roles in the immediate defense of disseminated infection by West Nile encephalitis virus}, 
journal={J. Virology},  
volume={77},  
year={2003}, 
pages={2578-2586}}

@article{diamond2003b, 
author= {M. S. Diamond  and  E. M. Sitati  and  L. D. Friend and  S. Higgs  and  B. Shrestha and  M. Engle}, 
title={A critical role
for induced IgM in the protection against West Nile virus infection}, 
journal={J. Exp. Med.},  
volume={198},  
year={2003}, 
pages={1853-1862}}

@inbook{diamond2013,
author = {B. Diamond and G. Honig and S. Mader and L. Brimberg and B. Volpe},
title={Brain-reactive Antibodies and Disease},
booktitle={Annual Review of Immunology},
publisher = {Annual Reviews},
pages={345-385},
year = {2013}}

@article{doherty1994, 
author= {P. C. Doherty  and  S. Hou  and  C. F. Evans  and  J. L. Whitton  and  M. B. Oldstone  and  M. A. Blackman}, 
title={Limiting the
available T cell receptor repertoire modifies acute lymphocytic choriomeningitis virusinduced
immunopathology}, 
journal={J. Neuroimmunology},  
volume={51},  
year={1994}, 
pages={147-152}}

@incollection{dorner2010,
author = {T. D\"{o}rner and P. Lipsky},
title={Signal Transduction in Rheumatoid Arthritis and Systemic Lupus  Erythmatosus},
booktitle={Handbook of Cell Signalling: Volume Two},
editor={R. Bradshaw and E. Dennis},
publisher = {Elsevier},
pages={2919-2932},
year = {2010}}

@article{douglas1994, 
author= {D. W. Douglas and  A. M. Kesson and  N. J. C. King}, 
title={CTL recognition of west Nile virus-infected fibroblasts
is cell cycle dependent and is associated with virus-induced increases in class I MHC
antigen expression}, 
journal={ Immunology},  
volume={82},  
year={1994}, 
pages={561-570}}

@article{doychinova2002,
author= {I. Doytchinova and D. Flower},
title ={Quantitative approaches to computational vaccinology},
journal={Immunology and Cell Biology}, 
volume={80}, 
year={2002},
pages={270 - 279}}

@article{drake1987, 
author= {B. L. Drake  and  N. J. C. King and  L. E. Maxwell  and  J. C. Rodger}, 
title={Class I major histocompatibility complex
antigen expression on early murine trophoblast and its induction by lymphokines in vitro}, 
journal={Reprod. Immunol.},  
volume={10},  
year={1987}, 
pages={319-328}}

@article{dushek2012,
author= {O. Dushek},
title={Elementary Steps in T cell receptor triggering},
journal={Frontiers in Immunology}, 
volume={2}, 
year={2012},
pages={1-3}}

@article{dustin2008,
author= {M. Dustin},
title={T-cell activation through immunological synapses and kinapses},
journal={Immunological Reviews}, 
volume={221}, 
year={2008},
pages={77-89}}

@incollection{dustin2010,
author = {M. Dustin},
title={The Immunological Synapse},
booktitle={Handbook of Cell Signalling: Volume One},
editor={R. Bradshaw and E. Dennis},
publisher = {Elsevier},
pages={71-75},
year = {2010}}

@inbook{dustin2012,
author= {M. Dustin and J. Groves},
title={Receptor Signaling Clusters in the Immune System},
booktitle={Annual Review of BioPhysics},
publisher={Annual Reviews}, 
volume={41}, 
year={2012},
pages={543-556}}

@article{dyson1962,
   author = {F. Dyson},
   title = {The Threefold Way: Algebraic Structures of Symmetry Groups and Ensembles in
   Quantum Mechanics},
   journal = {J. Math. Physics},
   volume = {3},
   number = {6},
   pages = {1199-1215},
   year = {1961}}

@incollection{ebert2010,
author= {P. Ebert and Q. Li and J. Huppa and M. Davis},
title={Functional Development of the T Cell Receptor for Antigen},
booktitle={Progress in Molecular Biology and Translational Biology},
publisher={Elsevier}, 
volume={92}, 
year={2010},
pages={65-100}}

@article{edelsbruner2002,
author= {H. Edelsbrunner and D. Letscher and A. Zomorordian},
title={{Topological persistence and Simplification}},
journal={Discrete Computational Geometry}, 
volume={28}, 
year={2002},
pages={511-533}}

@book{edgar1990,
author = {G. Edgar},
title = {Measure, Topology and Fractal Geometry},
publisher = {Springer-Verlag},
year = {1990}}

@article{edwards2012,
author= {L. Edwards and V. Zamitsyna and J. Hood and B. Evavold and C. Zhu},
title={Insights into T cell recognition of antigen: significance of two-dimensional
kinetic parameters},
journal={Frontiers of Immunology}, 
volume={3}, 
year={2012},
pages={1-9}}

@incollection{elgueta2010,
author = {R. Elgueta and V. de Vries and R. Noelle},
title={Mechansims of CD40 Signalling in the Immune System},
booktitle={Handbook of Cell Signalling: Volume One},
editor={R. Bradshaw and E. Dennis},
publisher = {Elsevier},
pages={353-358},
year = {2010}}

@article{esvelt2013,
author= {K. Esvelt and P. Mali and J. Braff and M. Moosburner and S. Yaung},
title={Orthogonal Cas9 proteins for RNA-guided gene regulation and editing},
journal={Nature Methods}, 
volume={10}, 
year={2013},
pages={1116-1121}}

@article{farris2003,
author= {S. Farris and I. Sinakevitch},
title={Development  and evolution of the insect mushroom bodies:
towards the understanding of conserved developmental mechanisms
in a higher brain center},
journal={Arthopod Structure and Development}, 
volume={32}, 
year={2003},
pages={79-101}}

@incollection{feghalibostwick2010,
author = {C. Feghali-Bostwick and J. Varga},
title={Systemic Sclerosis},
booktitle={Handbook of Cell Signalling: Volume Two},
editor={R. Bradshaw and E. Dennis},
publisher = {Elsevier},
pages={2913-2917},
year = {2010}}

@article{fingelkurts2005,
author= {Andrew Fingelkurts and Alexander Fingelkurts and S. K\"{a}hk\"{o}nen},
title ={{"Functional connectivity in the brain -- is it an elusive concept?"}},
journal={Neuroscience and BioBehavioral Reviews}, 
volume={28}, 
year={2005},
pages={827 - 836}}	

@article{fingelkurts2012a,
   author = {Andrew Fingelkurts and Alexander Fingelkurts and C. Neves},
   title = {{"Machine" consciousness and "artifical" thought: An operational
   architectonics model}},
   journal = {Brain Research},
   volume = {1428},
   pages = {80 - 92},
   year = {2012}
}

@article{fingelkurts2012b,
   author = {Andrew Fingelkurts and Alexander Fingelkurts and S. Bagnato and C. Boccagni},
   title = {{Toward operational architectonics of consciousness: basic evidence from patients with 
   severe cerebral injuries}},
   journal = {Cognitive Processes},
   volume = {13},
   number={2},
   pages = {111 - 131},
   year = {2012}
}

@incollection{fins2009,
author = {J. Fins},
title={{The ethics of measuring and modulating consciousness: the imperative of minding
time}},
booktitle={{Progress In Brain Research}},
editor={S. Laureys et. al.},
publisher = {Elsevier},
pages={371 - 382},
year = {2009}
}

@article{flohr1995,
   author = {H. Flohr},
   title = {{An Information Processing Theory of Anesthesia}},
   journal = {Neuropsycholigia},
   volume = {33},
   number={9},
   pages = {1169 - 1180},
   year = {1995}
}

@inbook{fooksman2010,
author= {D. Fooksman and S. Vardhana and G. Vasiliver-Shamis and J. Liese and
D. Blair and J. Waite and C. Sacrist\'{a}n and G. Victora 
and A. Zanin-Zhorov and M. Dustin},
title={Functional Anatomy of T Cell Activation and Synapse Formation},
booktitle={Annual Review of Immunology},
publisher={Annual Reviews}, 
volume={28}, 
year={2010},
pages={79-105}}

@incollection{fraser2009,
author= {C. Fraser},
title={The Molecular Basis of Translational Control},
booktitle={Progess in Molecular Biology and Translational Science},
publisher={Elsevier}, 
volume={90}, 
year={2009},
pages={1-51}}

@article{freeman2007,
   author = {W. Freeman},
   title = {{Indirect biological measures of consciousness from field studies of
   brains as dynamic systems}},
   journal = {Neural Networks},
   volume = {20},
   pages = {1021 - 1031},
   year = {2007}
}

@article{friston2005a,
author= {K. Friston},
title={{A Theory of cortical responses}},
journal={Phil. Trans. R. Soc. B.}, 
volume={360}, 
year={2005},
pages={815-836}}

@inbook{friston2005b,
author= {K. Friston},
title={{Models of Brain Function in Neuroimaging}},
booktitle={{Annual Review Psychology}},
publisher={Annual Reviews}, 
volume={56}, 
year={2005},
pages={57-87}}

@article{friston2010,
author= {K. Friston},
title={{The free-energy principle: a unified brain theory?}},
journal={Nature Reviews: Neuroscience}, 
volume={11}, 
year={2010},
pages={127-138}}

@book{fulton1995,
author= {W. Fulton},
title={{Algebraic Topology: A First Course}},
publisher={Graduate Texts in Mathematics 153, Springer NY}, 
year={1995}}

@book{garciasegura2009,
author= {L. Garcia-Segura},
title={Hormones and Brain Plasticity},
publisher={Oxford University Press}, 
address={London},
year={2009}}

@article{gascoigne2011,
author= {N. Gascoigne and J. Casas and J. Brzostek and V. Rybakin},
title={Initiation of TCR phosphorylation and signal transductions},
journal={Frontiers in Immunology}, 
volume={2}, 
year={2011},
pages={1-8}}

@article{gaunt2001,
author= {M. Gaunt and A. Sall and X. de Lamballerie and A. Falconar
         and  T. Dzhivanian and E. Gould},
title ={Phylogenetic relationships of flaviviruses correlate
     with their epidemiology, disease association and biogeography},
journal={Journal of General Virology}, 
volume={82}, 
year={2001},
pages={1867 - 1876}}

@inbook{geijtenbeek2004,
author= {T. Geijtenbeek and S. van Vliet, A. Engering, B. Hart and Y. van Kooyk},
title ={Self and Non self-Recognition by C-type lectins on dendritic cells},
booktitle={Annual Review of Immunology}, 
publisher={Annual Reviews},
volume={22}, 
year={2004},
pages={33 - 54}}

@article{gerhard2001,
author= {C. Gerard and B. Rollins},
title ={Chemokines and Disease},
journal={Nature Immunology}, 
volume={2},
number={2},
month={February}, 
year={2001},
pages={108 - 134}}

@book{gerhart1997,
author = {J. Gerhart and M. Kirschner},
title = {Cells, Embryos and Evolution:
          Towards a Cellular and Developmental 
	  Understanding of Phenotypic
          Variation and Evolutionary Adaptability},
publisher = {Blackwell Science}, 
address = {USA},
year = {1997}}

@article{getts2007, 
author= {D. R. Getts and  I. Matsumoto and  M. Muller  and  M. T. Getts  and  J. Radford
and  B. Shrestha and  I. L. Campbell  and  N. J. C. King}, 
title={Role of IFN-$\gamma$ in an experimental murine model of West Nile virus-induced
seizures}, 
journal={J. Neurochemistry},  
volume={103},  
year={2007}, 
pages={1019-1030}} 

@article{getts2008a, 
author= {D. R. Getts  and  V. Balcar and  I. Matsumoto  and  M. M\"{u}ler  and  N. J. C. King}, 
title={Viruses and the immune system and 
their roles in seizure cascade development}, 
journal={J. Neurochemistry},  
volume={104},  
year={2008}, 
pages={1167-1176}}

@article{getts2008b, 
author= {D. R. Getts and  R. L. Terry and  M. T. Getts and  M. M\"{u}ller and  S. Rana and  B. Shrestha
and  J. Radford and  N. Van Rooijen and  I. L. Campbell and  N. J. C. King}, 
title={y6C$^+$ inflammatory monocytes are microglial precursors recruited in a 
pathogenic manner in West Nile Virus Encephalitis}, 
journal={L. J. Exp. Med. },  
volume={In Press},  
year={2008}, 
pages={In Press}}

@article{ghrist2007,
author= {R. Ghrist},
title={{Barcodes: The Persistent Topology of Data}},
journal={Bulletin (New Series) of the American Mathematical Society}, 
volume={45}, 
number={1},
year={2008},
pages={61-75}}

@article{ginhoux2006, 
author= {F. Ginhoux  and  F. Tacke and  V. Angeli  and  M. Bogunovic  and  M. Loubeau
and  X. M. Dai  and  E. R. Stanley  and  G. J. Randolph and  M. Merad}, 
title={Langerhans cells arise from monocytes in vivo}, 
journal={Nature Immunology},  
volume={7},  
year={2006}, 
pages={265-273}}

@article{gladkevich2004,
author= {A. Gladkevich and H. Kauffman and J. Korf},
title ={Lymphocytes as a neural probe: potential for studying
       psychiatric disorders},
journal={Progress in Neuro-Psychopharmacology \& Biological Psychiatry}, 
volume={28}, 
year={2004},
pages={559 - 576}}

@article{goldstein1987, 
author= {S. A. N. Goldstein  and M. F.  Mescher}, 
title={Cytotoxic T cell activation by class I protein on cell-size
artificial membranes: antigen density and Lyt-2/3 function}, 
journal={J. Immunology},  
volume={138},  
year={1987}, 
pages={2034-2043}}

@article{goldstein2004,
author= {B. Goldstein and J. Faeder and W. Hlavacek},
title ={Mathematical and Computational Models of Immune - Receptor
      Signalling},
journal={Nature Reviews Immunology}, 
volume={4}, 
year={2004},
pages={445 - 456}}

@article{grau1995,
   author = {J. Gray},
   title = {{Dopamine Release in the Nucleus Accumbens: the Perspective
   from Aberrations of Consciousness in Schizophrenia}},
   journal = {1995},
   volume = {33},
   number={9},
   pages = {1143 - 1153},
   year = {1995}}
   
@inbook{griffith2014,
author = {J. Griffith and C. Sokol and A. Luster},
title={Cjemokines and Chemokine Receptors: Positioning Cells for
Host Defense and Immunity},
booktitle={Annual Review of Immunology},
publisher = {Annual Reviews},
pages={659-702},
year = {}}

@techreport{grossberg2003a,
author = {S. Grossberg},
title ={{"How Does The Cerebral Cortex Work?
          Development, Learning, Attention and 3D
	  Vision by Laminar
          Circuits of Visual Cortex"}}, 
institution = {Boston University},
address = {CAS/CS},
number = {TR-2003-005},
year = {2003}}
	
@techreport{grossberg2003b,
author = {S. Grossberg and A. Seitz},
title ={{"Laminar Development of Receptive Fields,
          Maps, and Columns in Visual Cortex: 
	  The Coordinating Role of
          the Subplate"}}, 
address={CAS/CS},	   
institution = {Boston University},
number = {02-006},
year = {2003}}

@article{haddad1997, 
author= {E. K. Haddad and  A. J. Duclos  and  E. Antecka  and  W. S. Lapp  and  M. G. Baines}, 
title={Role of interferon-gamma in
the priming of decidual macrophages for nitric oxide production and early pregnancy loss}, 
journal={Cell. Immunology},  
volume={181},  
year={1997}, 
pages={68-75}} 

@article{haehnel2010,
author= {M. Haehnel and R. Menzel},
title={Sensory representation and learning-related plasticity
in mushroom body extrinsic feedback neurons of the
protocerebral tract},
journal={Frontiers in Systems Neuroscience}, 
volume={4}, 
year={2010},
pages={1-13}}

@article{hall2003, 
author= {R. A. Hall  and  D. J. Nisbet and  K. B. Pham  and  A. T. Pyke  and  G. A. Smith  and  A. A. Khromykh}, 
title={DNA vaccine coding
for the full-length infectious Kunjin virus RNA protects mice against the New York strain of
West Nile virus}, 
journal={Proc. Natl. Acad. Sci. USA},  
volume={100},  
year={2003}, 
pages={10460-10464}}

@article{hammer2007,
author= {G. Hammer and N. Shastri},
title={Construction and destruction of MHC class I in the peptide-loading complex},
journal={Nature Immunology}, 
volume={8}, 
year={2007},
pages={793-808}}

@incollection{haniffa2013,
author= {M. Haniffa and M. Collin and F. Ginhoux},
title={Ontogeny and Functional Specialization of Dendritic
Cells in Human and Mouse},
booktitle={Advances in Immunology},
publisher={Elsevier}, 
volume={120}, 
year={2013},
pages={1-49}}

@incollection{harland2004,
editor = {F. Prete},
author={D. Harland and R. Jackson},
booktitle ={{Complex Worlds from Simpler Nervous Systems}},
title ={{"Portia Perceptions: The Umwelt of an
         Araneophagic Jumping Spider"}},
note = {A Bradford Book},
publisher = {MIT Press},
pages={5 - 40},
year = {2004}}	

@article{harmonjones2010,
author= {E. Harmon-Jones and P. Gable and C. Peterson},
title={{The role of asymmetric frontal cortical activity in emotion-related
phenomena: A review and update}},
journal={Biological Psychology}, 
volume={84}, 
year={2010},
pages={451-462}}

@article{harriswarrick2010,
author= {R. Harris-Warrick and B. Johnson},
title={Checks and balances in neuromodulation},
journal={Frontiers in Behavioral Neuroscience}, 
volume={4}, 
year={2010},
pages={1-9}}

@article{hayes2005, 
author= {Hayes EB  and  Sejvar JJ  and  Zaki SR  and  Lanciotti RS  and  Bode AV  and  Campbell GL}, 
title={Virology and  pathology and 
and clinical manifestations of West Nile virus disease}, 
journal={Emerg. Infect. Dis. },  
volume={11},  
year={2005}, 
pages={1174-1179}}

@article{he2012,
author= {H. He and P. Bongrand},
title={Membrane Dynamics shape TCR-generated signaling},
journal={Frontiers in Immunology}, 
volume={3}, 
year={2012},
pages={1-6}}

@article{heath2004, 
author= {W. R. Heath  and  G. T. Belz  and  G. M. Behrens  and  C. M. Smith  and  S. P. Forehan
and  I. A. Parish  and  G. M. Davey  and  N. S. Wilson and F. R. Carbone  and  J. A. Villadangos}, 
title={Cross-presentation and  dendritic cell subsets and  and the generation
of immunity to cellular antigens}, 
journal={Immunol. Rev.},  
volume={199},  
year={2004}, 
pages={9-26}}

@book{hellige1993,
author= {J. Hellige},
title={{"Hemispheric Asymmetry: What's Right and What's Left"}},
publisher={Hardvard University Press}, 
year={1993}}

@article{hengel1987, 
author= {H. Hengel  and  M. Lindner  and  H. Wagner  and  K. Heeg}, 
title={Frequency of herpes simplex virus-specific
murine cytotoxic T lymphocyte precursors in mitogen- and antigen-driven primary in vitro T
cell responses}, 
journal={J. Immunol.},  
volume={139},  
year={1987}, 
pages={4196-4202}}

@article{heinonem2007,
   author = {J. Heinonen},
   title = {Nonsmooth Calculus},
   journal = {The American Mathematical Society Bulletin (New Series) },
   volume = {44},
   number = {2},
   pages = {163-201},
   year = {2007}}

@inbook{hermiston2003,
author= {M. Hermiston and Z. Xu and A. Weiss},
title ={CD45: A Critical Regulator of Signaling Thresholds in Immune Cells},
booktitle={Annual Review of Immunology}, 
publisher={Annual Reviews},
volume={21}, 
year={2003},
pages={107 - 137}}

@article{herold2011,
author= {C. Herrold and N. Palomero-Gallagher and B. Hellman and S. Kr\"{o}ner
and C. Theiss and O. G\"{u}nt\"{u}rk\"{u}n and K. Zilles},
title={{The receptor architecture of the pigeons nidopalladium
caudolaterale: and avian analague to the mammalian prefrontal cortex}},
journal={Brain Structure Function}, 
volume={216}, 
year={2011},
pages={239-254}}


@article{hill1992a,
author= {A. B. Hill and R. V. Blanden and C. R. Parrish and  A M\"{u}llbacher},
title={Restimulated memory Tc cells have a
higher apparent avidity of interaction with targets than primary virus-immune Tc cells as
indicated by anti-CD8 blocking},
journal={Immunology and Cell Biology}, 
volume={23}, 
year={1992},
pages={259-265}}

@book{hille92,
author = {B. Hille}, 
title = {Ionic Channels of Excitable Membranes},
publisher = {Sinauer Associates Inc.}, 
address = {New York},
year = {1992}}

@article{hillman1990,
	author = {G. Hillman and M. Davies},
        title = "Measured domestication rates in wild wheats and barley
	under primitive cultivation, and their archaeological implications",
        journal = {Journal of World Prehistory},
	volume = {4},
	year = {1990},
	pages = {157-222}}
	
@book{hines2000,
	author = {M. Hines},
        title = {{Neuron}},
	URL = {http://www.neuron.yale.edu},
        publisher = {M. Hines},	
	year = {2003}}
		
@inbook{hislop2007,
author= {Cellular Responses to Viral Infection in Humans: Lessons
from Epstein-Barr Virus},
title={A. Hislop and G. Taylor and D. Sauce and A. Rickinson},
booktitle={Annual Review of Immunology},
publisher={Annual Reviews}, 
volume={25}, 
year={2007},
pages={587-617}}

@article{hodgkin1954a,
	author = {A. Hodgkin},
	title = {The Ionic Basis of Electrical Activity in
                  Nerve and Muscle},
	journal = {Bio. Rev},
	year = {1954},
	pages = {339 - 409},
	volume = {26}}	
	
@article{hodgkin1952a,
	author = {A. Hodgkin and A. Huxley},
	title = {Currents Carried by Sodium and
        Potassium Ions Through the Membrane of the Giant Axon
	of Loligo},
	journal = {J. Physiol. (London)},
	year = {1952},
	pages = {449 - 472},
	volume = {116}}
	
@article{hodgkin1952b,
	author = {A. Hodgkin},
	title = {The Components of Membrane Conductance in
        the Giant Axon of Loligo},
	journal = {J. Physiol. (London)},
	year = {1952},
	pages = {473 - 496},
	volume = {116}}

@article{hoffer2001,
author= {T. H\"{o}ffer and A. Politi and R. Heinrich},
title ={Intracellular Ca$^{+2}$ Wave Propagation
       Through Gap - Junctional Ca$^{+2}$ Diffusion:
       A Theoretical Study},
journal={BioPhysical Journal}, 
volume={80}, 
number={1},
year={2001},
pages={75 - 87}}

@inbook{holers2014,
author = {V. Holers},
title={Complement and Its Receptors},
booktitle={Annual Review of Immunology},
publisher = {Annual Reviews},
pages={433-459},
year = {2014}}

@incollection{holloway1999,
	author = {R. Holloway},
        title = {{"Evolution of the Human Brain"}},
        booktitle = {Handbook of Human
                     Symbolic Evolution}, 
	editor = {A. Lock and C. Peters},
        address = {Massachusetts}, 
	publisher = {Blackwell Publishers}, 
	year = {1999}, 
	pages = {74 - 116}}

@article{horton2005,
author= {J. Horton and D. Adams},
title={{The cortical column: a structure without a function}},
journal={Phil. Trans. Royal Society B}, 
volume={360}, 
year={2005},
pages={837-862}
}

@article{huangchengsun2007,
author= {C. Huang and C. Cheng and C. Sun},
title={Bridge and brick network motifs: Identifying
significant building blocks from complex biological systems},
journal={Artificial Intelligence in Medicine}, 
volume={41}, 
year={2007},
pages={117-127}}

@incollection{huppa2013,
author= {J. Huppa and M. Davis},
title={The Interdisciplinarity Science of T-cell Recognition},
booktitle={Advances in Immunology},
publisher={Elsevier}, 
volume={119}, 
year={2013},
pages={1-50}}

@incollection{hyduke2010,
author = {D. Hyduke and S. Amundson and A. Fornace},
title={Complexity of Stress Signalling},
booktitle={Handbook of Cell Signalling: Volume Two},
editor={R. Bradshaw and E. Dennis},
publisher = {Elsevier},
pages={2107-2125},
year = {2010}}

@article{iezzi2006, 
author= {G. Iezzi  and  A. Frohlich  and  B. Ernst  and  F. Ampenberger and  S. Saeland
and  N. Glaichenhaus and  M. Kopf}, 
title={Lymph
node resident rather than skin-derived dendritic cells initiate specific T cell responses after
Leishmania major infection}, 
journal={J. Immunol. },  
volume={177},  
year={2006}, 
pages={1250-1256}}

@article{iijima2007, 
author= {N. Iijima  and  M. M. Linehan and  S. Saeland and  A. Iwasaki}, 
title={Vaginal epithelial dendritic cells renew from
bone marrow precursors}, 
journal={Proc. Natl. Acad. Sci. USA},  
volume={104},  
year={2007}, 
pages={19061-19066}}

@article{itano2003, 
author= {A. A. Itano  and  S. J. McSorley and  R. L. Reinhardt  and  B. D. Ehst
and  E. Ingulli  and  A. Y. Rudensky  and  M. K. Jenkins}, 
title={Distinct dendritic cell populations sequentially present antigen to CD4 T cells and stimulate
different aspects of cell-mediated immunity}, 
journal={Immunity},  
volume={19},  
year={2003}, 
pages={47-57}}

@incollection{jaakola2010,
author = {V. Jaakola and R. Stephens},
title={G Protein-Coupled Receptor Structures},
booktitle={Handbook of Cell Signalling: Volume One},
editor={R. Bradshaw and E. Dennis},
publisher = {Elsevier},
pages={129-138},
year = {2010}}

@article{jakob2001, 
author= {T. Jakob  and  J. Ring  and  M. C. Udey}, 
title={Multistep navigation of Langerhans/dendritic cells in and out
of the skin}, 
journal={J. Allergy Clin. Immunol. },  
volume={108},  
year={2001}, 
pages={688-696}}

@article{jerzak2005, 
author= {G. Jerzak  and  K. A. Bernard  and  L. D. Kramer  and  G. D. Ebel}, 
title={Genetic variation in West Nile virus from
naturally infected mosquitoes and birds suggests quasispecies structure and strong purifying
selection}, 
journal={J. Gen. Virol.},  
volume={86},  
year={2005}, 
pages={2175-2183}}

@article{johnstonlj1996, 
author= {L. J. Johnston  and  G. M. Halliday and  N. J. C. King}, 
title={Phenotypic changes in Langerhans cells after infection
with arboviruses: a role in the immune response to epidermally acquired viral infection?}, 
journal={J. Virol.},  
volume={},  
year={1996}, 
pages={4761-4766}}

@article{johnston2000,
   author = {L. Johnston and G. Halliday and N. King},
   title = {Langerhans Cells Migrate to Local Lymph Nodes Following Cutaneous Infection wtih an Arbovirus},
   journal = {J. Investigative Dermatology},
   volume = {114},
   pages = {560-568},
   year = {2000}}
   
@book{johnstonwu1995,
author= {D. Johnson and M. Wu},
title={Foundations of Cellular Neurophysiology},
publisher={MIT Press}, 
address={Boston, MA},
year={1995}}

@incollection{jonoska2016a,
author = {R. Brijder and M. Delay and T. Harju and N. Jonoska 
and I. Petre and G. Rozenberg},
title={The computational nature of gene assembly in ciliates},
booktitle={Handbook of natural computing},
editor={Jiminy and Piminy},
publisher = {Not Known},
pages={},
year = {2016}}

 @article{jonoska2012a,
   author = {A. Angeleska and N. Jonoska and M. Saito},
   title = { Rewriting Rule Chains Modeling DNA Rearrangement Pathways},
   journal = {Theoretical Computer Science},
   volume = {454},
   number={5},
   url = {http://dx.doi.org/10.1016/j.tcs.2012.04.041},
   pages={5-22},
   year = {2012}}

@article{jonoska2012b,
   author = {N. Jonoska and N. Seeman},
   title = {Computing by molecular self-assembly},
   journal = {Interface Focus},
   volume = {2},
   number={4},
   url = {http://dx.doi.org/10.1098/rsfs.2011.0117},
   year = {2012}}

@article{jonoska2009a,
   author = {A. Angeleska and N. Jonoska and M. Saito},
   title = {DNA recombination through assembly graphs},
   journal = {Discrete Applied Mathematics},
   volume = {157},
   number = {14},
   url={http://dx.doi.org/10.1016/j.dam.2009.06.011},
   pages = {3020-3037},
   year = {2009}}

@inbook{jost2013,
author = {S. Jost and M. Altfeld},
title={Control of Human Viral Infections by Natural Killer Cells},
booktitle={Annual Review of Immunology},
publisher = {Annual Reviews},
pages={163-194},
year = {2013}}

@article{johnstonlj2000, 
author= {L. J. Johnston  and  G. M. Halliday  and  N. J. C. King}, 
title={Langerhans cells migrate to local lymph nodes following
cutaneous infection with an arbovirus}, 
journal={J. Invest. Dermatol.},  
volume={114},  
year={2000}, 
pages={560-568}} 

@incollection{justement2010,
author = {L. Justement},
title={Signal Transduction via the B cell Antigen Receptor:
A Crucial Regulator of B Cell Biology},
booktitle={Handbook of Cell Signalling: Volume Two},
editor={R. Bradshaw and E. Dennis},
publisher = {Elsevier},
pages={2689-2698},
year = {2010}}

@book{kaas2007vol1,
editor = {J. Kaas and T. Bullock},
title ={{Evolution of Nervous Systems: A Comprehensive Reference
         Editor J. Kaas (Volume 1: Theories, Development, Invertebrates)}},
publisher = {Academic Press Elsevier},
year = {2007}}

@book{kaas2007vol2,
editor = {J. Kaas and T. Bullock},
title ={{Evolution of Nervous Systems: A Comprehensive Reference
         Editor J. Kaas (Volume 2: Non-Mammalian Vertebrates)}},
publisher = {Academic Press Elsevier},
year = {2007}}

@book{kaas2007vol3,
editor = {J. Kaas and L. Krubitzer},
title ={{Evolution of Nervous Systems: A Comprehensive Reference
         Editor J. Kaas (Volume 3: Mammals)}},
publisher = {Academic Press Elsevier},
year = {2007}}

@book{kaas2007vol4,
editor = {J. Kaas and T. Preuss},
title ={{Evolution of Nervous Systems: A Comprehensive Reference
         Editor J. Kaas (Volume 4: Primates)}},
publisher = {Academic Press Elsevier},
year = {2007}}

@book{kaczynski2004,
author= {T. Kaczynski and K. Mischaikow and M. Mrozek},
title={{Computational Homology}},
publisher={Springer}, 
year={2004}
}

@incollection{kasahara2010,
author= {M. Kasahara},
title={Genome Duplication and T Cell Immunity},
booktitle={Progress in Molecular Biology and Translational Science},
publisher={Elsevier}, 
volume={92}, 
year={2010},
pages={7-36}}

@article{kast1988, 
author= {W. M. Kast  and  C. J. Boog  and  B. O. Roep  and  A. C. Voordouw  and  C. J. Melief}, 
title={Failure or success in the restoration
of virus-specific cytotoxic T lymphocyte response defects by dendritic cells}, 
journal={J. Immunol.},  
volume={140},  
year={1988}, 
pages={3186-3193}}

@article{kayser2004,
author= {C. Kayser and K. K\"{o}rding and P. K\"{o}nig},
title={{Processing of complex stimuli and natural scences in the visual cortex}},
journal={Current Opinion in Neurobiology}, 
volume={14}, 
year={2004},
pages={468-473}}

@article{keller2006, 
author= {B. C. Keller  and  B. L. Fredericksen  and  M. A. Samuel  and  R. E. Mock  and  P. W. Mason
and  M. S. Diamond  and  M. Jr. Gale}, 
title={Resistance to $\alpha / \beta$ interferon is a determinant of West Nile virus replication fitness and
virulence}, 
journal={J. Virol.},  
volume={80},  
year={2006}, 
pages={9424-9434}} 

@article{kesson1987, 
author= {A. M. Kesson and  R. V. Blanden and  A. M\"{u}lbacher}, 
title={The primary in vivo murine cytotoxic T cell
response to the flavivirus and  West Nile}, 
journal={J. Gen. Virol.},  
volume={68},  
year={1987}, 
pages={2001-2006}}

@article{kesson1988, 
author= {A. M. Kesson  and  R. V. Blanden  and  A. M\"{u}llbacher}, 
title={The secondary in vitro murine cytotoxic T cell
response to the flavivirus and  West Nile}, 
journal={Immunol. Cell. Biol.},  
volume={66},  
year={1988}, 
pages={23-32}}

@article{kesson2001,
author= {A. M. Kesson and N. J. C. King},
title ={Transcriptional Regulation of Major Histocompatibility Complex Class I
     by Flavivirus West Nile is Dependent on NF-$\kappa$B activation},
journal={Journal of Infectious Diseases}, 
volume={184}, 
year={ 2001},
pages={947 - 954}}

@article{kesson2002a,
author= {A. M. Kesson and Y. Cheng and N. J. C. King},
title={Regulation of immune recognition molecules by
flavivirus, West Nile},
journal={Viral Immunol}, 
volume={15}, 
year={2002},
pages={273-283}}

@article{kingnjc1988, 
author= {N. J. C. King and  A. M. Kesson}, 
title={Interferon-independent increases in class I major histocompatibility
complex antigen expression follow flavivirus infection}, 
journal={J.Gen. Virol. },  
volume={69 (Pt 10)},  
year={1988}, 
pages={2535-2543}}

@article{kingnjc1985, 
author= {N. J. C. King  and  V. G. Sinickas  and  R. V. Blanden}, 
title={H-2K and H-2D antigens are independently regulated
in mouse embryo fibroblasts}, 
journal={Exp. Clin. Immunogenetics},  
volume={2},  
year={1985}, 
pages={206-214}}

@article{kingnjc1987, 
author= {N. J. C. King  and  B. L. Drake and  L. E. Maxwell  and  J. C. Rodger}, 
title={Class I major histocompatibility complex
antigen expression on early murine trophoblast and its induction by lymphokines in vitro. II.
The role of gamma interferon in the responses of primary and secondary giant cells}, 
journal={J. Reprod. Immunol.},  
volume={12},  
year={1987}, 
pages={13-21}}

@article{kingnjc1989a,
author= {N. J. C. King and L. E. Maxwell and A. M.  Kesson},
title={Induction of class I major histocompatibility
complex antigen expression by West Nile virus on gamma interferon-refractory early
murine trophoblast cells},
journal={Proc Natl Acad Sci U S A}, 
volume={86}, 
year={1989},
pages={911-915}}

@article{kingnjc1993, 
author= {N. J. C. King and  A. M\"{u}llbacher and  L. Tian  and  J. C. Rodger  and  B. Lidbury and  R. T. Hla}, 
title={West Nile virus infection
induces susceptibility of in vitro outgrown murine blastocysts to specific lysis by paternally
directed allo-immune and virus-immune cytotoxic T cells}, 
journal={J. Reprod. Immunol.},  
volume={23},  
year={1993}, 
pages={131-144}}

@article{kingnjc2003a, 
author= {N. J. C. King and  A. M. Kesson}, 
title={nteraction of flaviviruses with cells of the vertebrate host and decoy
of the immune response}, 
journal={Immunol.Cell. Biol.},  
volume={81},  
year={2003}, 
pages={207-216}} 

@article{kingnjc2003b, 
author= {N. J. C. King  and  B. Shrestha and  A. M. Kesson}, 
title={Immune modulation by flaviviruses}, 
journal={Adv. Virus Res.},  
volume={60},  
year={2003}, 
pages={121-155}}

@article{kingnjc2007, 
author= {N. J. C. King  and  D. R. Getts  and  M. T. Getts  and  S. Rana  and  B. Shrestha  and  A. M. Kesson}, 
title={Immunopathology of flavivirus infections}, 
journal={Immunol. Cell. Biol.},  
volume={85},  
year={2007}, 
pages={33-42}}

@article{klagge1999, 
author= {I. M. Klagge  and  S. Schneider-Schaulies}, 
title={Virus interactions with dendritic cells}, 
journal={J. Gen. Virol.},  
volume={80 (Pt. 4)},  
year={1999}, 
pages={823-833}}

@article{kongsbak2014,
   author = {M. Kongsbak and M. von Essen and T. Levring and P. Schjerling
   and A. Woetmann and N. {\O}dum amd C. Bonefeld and C. Geisler},
   title = {Vitamin D-binding protein controls T cell responses to vitamin D},
   journal = {BMC Immunology},
   volume = {15},
   number={35},
   url= {http://dx.doi.org/10.1186/s12865-014-0035-2},
   year = {2014}}

@incollection{konig2010,
author = {R. K\"{o}nig},
title={Signal Transduction in T Lymphocytes},
booktitle={Handbook of Cell Signalling: Volume Two},
editor={R. Bradshaw and E. Dennis},
publisher = {Elsevier},
pages={2679-2688},
year = {2010}}

@article{koszinowski1975, 
author= {U. Koszinowski and  H. Ertl}, 
title={Altered serological and cellular reactivity to H-2 antigens after
target cell infection with vaccinia virus}, 
journal={Nature},  
volume={257},  
year={1975}, 
pages={596-597}} 

@article{kraftterry2009,
author= {S. Kraft-Terry and S. Buch and H. Fox and H. Gendelman},
title={A Coat of Many Colors: Neuroimmune Crosstalk in Human Immunodeficiency Virus Infection},
journal={Neuron}, 
volume={64}, 
year={2009},
pages={133-145}}

@incollection{kral2004,
editor = {F. Prete},
author={K.Kral and F. Prete},
booktitle ={{Complex Worlds from Simpler Nervous Systems}},
title ={{"In the mind of a hunter: the visual world of the
         Praying Mantis"}},
note = {A Bradford Book},
publisher = {MIT Press},
pages={75 - 116},
year = {2004}}	

@article{kuhlman1991, 
author= {P. Kuhlman  and  V. T. Moy  and  B. A. Lollo and  A. A. Brian}, 
title={The accessory function of murine intercellular
adhesion molecule-1 in T lymphocyte activation. Contributions of adhesion and co-activation}, 
journal={J. Immunol.},  
volume={146},  
year={1991}, 
pages={1773-1782}}

@inbook{kunanovics2003,
author = {A. Kum{\'{a}}novics and T. Takada and K. Lindahl},
title={Genomic Organization of the MHC},
booktitle={Annual Review of Immunology},
publisher = {Annual Reviews},
pages={629-757},
year = {2003}}

@incollection{kurschus2011,
author= {F. Kurschus and S. W\"{o}rtege and A. Waisman},
title={Modeling a Complex Disease: Multiple Sclerosis},
booktitle={Advances in Immunology},
publisher={Elsevier}, 
volume={110}, 
year={2011},
pages={111-137}}

@article{lafon2006,
author= {S. Lafon and A. Lee},
title={{Diffusion Maps and Coarse-Graining: A Unifed Framework for
Dimensionality Reduction, Graph Partitioning, and Data Set Parameterization}},
journal={IEEE Trans. on Pattern Analysis and Machine Intelligence}, 
volume={28}, 
number={9},
year={2006},
pages={1393-1403}}

@article{lamme2006,
   author = {V. Lamme},
   title = {{Towards a true neural stance on consciousness}},
   journal = {Trends in Cognitive Science},
   volume = {10},
   number={11},
   pages = {494 - 501},
   year = {2006}
}

@article{lancaster2013,
author= {M. Lancaster and M. Renner and C. Martin and D. Wenzel
and L. Bicknell and M. Hurles and T. Homfray and J. Penninger and A. Jackson
and J. Knoblich},
title ={Cerebral organoids model human brain
development and microcephaly},
journal={nature}, 
volume={501}, 
year={2013},
pages={373-379}}

@article{lanciotti1999, 
author= {R. S. Lanciotti and  J. T. Roehrig and  V. Deubel  
and  J. Smith  and  M. Parker  and  K. Steele  and  B. Crise  and  K. E. Volpe
and  M. B. Crabtree  and  J. H. Scherret et-al. }, 
title={Origin of the West Nile virus responsible for an outbreak of
encephalitis in the north-eastern United States}, 
journal={Science },  
volume={286},  
year={1999}, 
pages={2333-2337}}

@article{lang1998a,
	author = {P. Lang and M. Bradley and J. Fitzimmons and 
	          B. Cuthbert and J. Scott and B. Moulder
                  and V. Nangia},
        title = {{"Emotional arousal and activation of the
                  visual cortex: An fMRI analysis"}}, 
        journal = {Psychophysiology}, 
	volume = {35},
	year = {1998}, 
	pages = {199 - 210}}

@article{laureys2005,
   author = {S. Laureys},
   title = {{The neural correlate of (un)awareness: lessons from the vegative state}},
   journal = {Trends in Cognitive Science},
   volume = {9},
   number={12},
   pages = {556 - 559},
   year = {2005}
}

@article{lazarev2006,
   author = {V. Lazarev},
   title = {{The relationship of theory and methodology in EEG studies of mental activity}},
   journal = {International Journal of Psychophysiology},
   volume = {62},
   pages = {384 - 393},
   year = {2006}
}

@incollection{lee2011,
author= {H. Lee and J. Baustista and C. Hsieh},
title={Thymic and Peripheral Differentiation of Regulatory T Cells.},
booktitle={Advances in Immunology},
publisher={Elsevier}, 
volume={112}, 
year={2011},
pages={25-62}}

@article{leon2003,
author= {A. Le\'{o}n and Lage and J. Carneiro},
title ={Tolerance and immunity in a mathematical model of T-cell
      mediated suppression},
journal={Journal of Theoretical Biology}, 
volume={225}, 
year={2003},
pages={107 - 126}}

@article{lesne2008,
author= {A. Lesne},
title={Robustness: confronting lessons from physics and biology},
journal={Biol. Rev.}, 
volume={83}, 
year={2008},
pages={509-532}}

@article{libersat2014,
author= {F. Libersat and R. Gal},
title={{Wasp Voodoo Rituals, Venom-Cocktails, and the Zombification of Cockroach
Hosts}},
journal={Integrative and Comparative Biology}, 
volume={54}, 
number={2},
year={2014},
pages={129-142}}

@article{liblau2011,
author= {R. Liblau and H. Wekerle and R. Tisch},
title={Cumulative autoimmunity: T cell clones
recognizing several self-eptitopes exhibit enhanced pathogenicity},
journal={Frontiers of Immunology}, 
volume={2}, 
year={2011},
pages={1-6}}

@article{libraty2001,
author= {D. Libraty and S. Pichyangkul and C. Ajariyakhajorn and T. Endy and F. Ennis},
title ={Human Dendritic Cells are activated by dengue virus infection:
     enhancement by Gamma Interferon and Implications for Disease Pathogenesis},
journal={Journal of Virology}, 
volume={}, 
month={April},
year={2001},
pages={3501 - 3508}}	

@incollection{liddington2010,
author = {R. Liddington},
title={Structural Basis of Integrin Signalling},
booktitle={Handbook of Cell Signalling: Volume One},
editor={R. Bradshaw and E. Dennis},
publisher = {Elsevier},
pages={115-118},
year = {2010}}

@article{liu1989, 
author= {Y. Liu  and  N. J. C. King  and  A. M. Kesson  and  R. V. Blanden  and  A. M\"{u}llbacher}, 
title={Flavivirus infection up-regulates the
expression of class I and class II major histocompatibility antigens on and enhances T cell
recognition of astrocytes in vitro}, 
journal={J. Neuroimmunology},  
volume={21},  
year={1989}, 
pages={157-168}}

@article{liu2005, 
author= {W. J. Liu and  X. J. Wang  and  V. V. Mokhonov  
and  P. Y. Shi  and  R. Randall  and  A. A. Khromykh}, 
title={Inhibition of interferon
signaling by the New York 99 strain and Kunjin subtype of West Nile virus involves
blockage of STAT1 and STAT2 activation by nonstructural proteins}, 
journal={Intl. J. Virology},  
volume={79},  
year={2005}, 
pages={1934-1942}}

@article{liu2006, 
author= {W. J. Liu  and  X. J. Wang  and  D. C. Clark  and  M. Lobigs and  R. A. Hall  
and  A. A. Khromykh}, 
title={A single amino acid
substitution in the West Nile virus nonstructural protein NS2A disables its ability to inhibit
alpha/beta interferon induction and attenuates virus virulence in mice}, 
journal={J. Virology},  
volume={80},  
year={2006}, 
pages={2396-2404}}

@article{liu2012,
author= {X. Li and Z. Xie and D. Yi},
title={{A Fast Algorithm for Constructing Topological Structure in
Large Data}},
journal={Homology, Homotopy and Applications}, 
volume={14}, 
year={2012},
pages={221-238}
}

@article{lobigs1996, 
author= {M. Lobigs  and  R. V. Blanden  and  A. M\"{u}llbacher}, 
title={Flavivirus-induced up-regulation of MHC class I
antigens; implications for the induction of CD8+ T-cell-mediated autoimmunity}, 
journal={Immunol. Review},  
volume={152},  
year={1996}, 
pages={5-19}}

@article{lobigs2003,
author= {M. Lobigs and A. M\"{u}llbacher and M. Regner},
title ={MHC class I up-regulation by Flavivirus: immune interaction
       with unknown advantage to host or pathogen},
journal={Immunology and Cell Biology}, 
volume={81}, 
year={2003},
pages={217 - 223}}

@article{lobigs2003b, 
author= {M. Lobigs  and  A. M\"{u}llbacher  and  Y. Wang and  M. Pavy  and  E. Lee}, 
title={Role of type I and type II interferon
responses in recovery from infection with an encephalitic flavivirus}, 
journal={J. Gen. Virol.},  
volume={84},  
year={2003}, 
pages={567-572}}

@incollection{locati2013,
author= {M. Locati and A. Mantovani and A. Sica},
title={Macrophage Activation and Polarization as an
Adaptive Component of Innate Immunity},
booktitle={Advances in Immunology},
publisher={Elsevier}, 
volume={120}, 
year={2013},
pages={163-184}}

@inbook{long2013,
author = {E. Long and H. Kim and D. Liu and M. Peterson and S. Rajagopalan},
title={Controlling Natural Killer Cell Responses: Integration of Signals for Activation and
Inhibition},
booktitle={Annual Review of Immunology},
publisher = {Annual Reviews},
pages={227-258},
year = {2013}}

@article{lu2002, 
author= {D. P. Lu  and  L. Tian and  C. O'Neill  and  N. J. C. King}, 
title={Regulation of cellular adhesion molecule expression
in murine oocytes and  peri-implantation and post-implantation embryos}, 
journal={Cell Res.},  
volume={12},  
year={2002}, 
pages={373-383}}

@article{ludewig1998, 
author= {B. Ludewig and  S. Ehl  and  U. Karrer  and  B. Odermatt and  H. Hengartner and  R. M. Zinkernagel}, 
title={Dendritic cells efficiently induce protective antiviral immunity}, 
journal={J. Virology},  
volume={72},  
year={1998}, 
pages={3812-3818}}

@article{maggi2010,
author= {F. Maggi and M. Bendinelli},
title={Human anelloviruses and the central nervous system},
journal={Rev. Med. Virol.}, 
volume={20}, 
year={2010},
pages={392-407}}

@incollection{mahoney2009,
author= {S. Mahoney and J. Dempsey and J. Blenis},
title={Cell Signaling in Protein Synthesis: Ribosome Biogenesis
and Translation Initiation and Elongation},
booktitle={Progess in Molecular Biology and Translational Science},
publisher={Elsevier}, 
volume={90}, 
year={2009},
pages={53-107}}

@article{maia2011,
author= {T. Maia and M. Frank},
title={{From reinforcement learning models to psychiatric and neurological disorders}},
journal={Nature Neuroscience}, 
volume={14}, 
number={2},
year={2011},
pages={154-162}}

@incollection{maizels2011,
author= {R. Maizels and K. Smith},
title={Regulatory T Cells in Infection},
booktitle={Advances in Immunology},
publisher={Elsevier}, 
volume={112}, 
year={2011},
pages={73-136}}

@article{makrigiannakis2001, 
author= {A. Makrigiannakis and  E. Zoumakis  and  S. Kalantaridou  and  C. Coutifaris  
and  A. N. Margioris  and  G. Coukos  and  K. C. Rice  and 
A. Gravanis  and  G. P. Chrousos}, 
title={Corticotropin-releasing hormone promotes blastocyst
implantation and early maternal tolerance}, 
journal={NatureImmunology},  
volume={2},  
year={2001}, 
pages={1018-1024}}

@article{malmgaard2005,
   author = {L. Malmgaard},
   title = {Dendritic Cells, Toll-Like Receptors, and T-Cell Responses: Lessons form Viral Infections {\em in Vivo}},
   journal = {Viral Immunology},
   volume = {18},
   number={4},
   pages = {584-594},
   year = {2005}}

@article{margalit1987,
author= {M. Margalit and J. Spouge and J. Cornette and K. Cease
         and C. Delisi and J. Berzofsky},
title ={Prediction of immunodominant helper T cell antigenic
     sites from the primary sequence},
journal={Journal of Immunology}, 
volume={138},
number={7}, 
year={1987},
pages={2213 - 2229}}

@article{markopoulou2006a,
author = {T. Konopka and F. Markopoulou and L. Smolin},
title = {Quantum Graphity},
journal = {arXiv.org: High Energy Physics - Theory},
volume = {arXiv.org:0611197v1 [hep-th]},
pages = {1-26},
year = {2006}}

@article{markopoulou2007a,
author = {F. Markopoulou},
title = {Conserved Quantities in Background Independent Theories},
journal = {arXiv.org: General Relativity - Quantum Cosmology},
volume = {arXiv.org:0703027v1 [hep-th]},
pages = {1-11},
year = {2007}}

@article{markopoulou2007b,
author = {F. Markopoulou and L. Smolin},
title = {Disordered locality in loop quantum gravity states},
journal = {arXiv.org: General Relativity - Quantum Cosmology},
volume = {arXiv.org:0702044v2 [hep-th]},
pages = {1-11},
year = {2007}}

@article{markopoulou2008a,
author = {T. Konopka and F. Markopoulou and S. Severini},
title = {Quantum Graphity: a model of emergent locality},
journal = {arXiv.org: High Energy Physics - Theory},
volume = {arXiv.org:0801.0861v2 [hep-th]},
pages = {1-14},
year = {2008}}

@article{markopoulou2010a,
author = {A. Hamma and F. Markopoulou},
title = {Background independent condensed matter models for quantum gravity},
journal = {arXiv.org: General Relativity - Quantum Cosmology},
volume = {arXiv:1011.5754v1 [gr-qc]},
pages = {1-17},
year = {2010}}

@article{markopoulou2010b,
author = {A. Hamma and F. Markopoulou and S. Lloyd and F. Caravelli and S. Severini and K. Markstr\"{o}m},
title = {A quantum Bose - Hubbard model with evolving graph as toy model for emergent
spacetime},
journal = {arXiv.org: General Relativity - Quantum Cosmology},
volume = {arXiv:0911.5075v13 [gr-qc]},
pages = {1-24},
year = {2010}}

@article{markowitsch1995,
   author = {H. Markowitsch},
   title = {{Cerebral Bases of Consciousness: A Historical View}},
   journal = {Neuropsychologia},
   volume = {33},
   number={9},
   pages = {1181 - 1192},
   year = {1995}
}

@article{mashour2004,
   author = {G. Mashour},
   title = {{Towards a Paradigm of General Anesthesia}},
   journal = {Anesthesiology},
   volume = {100},
   pages = {428 - 433},
   year = {2004}
}

@article{mashour2008,
author= {G. Mashour and E. LaRock},
title={{Inverse zombies, anesthesia awareness, and the hard problem
of unconsciousness}},
journal={Consciousness and Cognition}, 
volume={17}, 
year={2008},
pages={1163-1168}}

@article{mathur1982, 
author= {A. Mathur  and  K. L. Arora  and  U. C. Chaturvedi}, 
title={Transplacental Japanese encephalitis virus (JEV)
infection in mice during consecutive pregnancies}, 
journal={T. J. Gen. Virol.},  
volume={59},  
year={1982}, 
pages={213-217}}

@article{mathur1986, 
author= {A. Mathur and  K. L. Arora  and  S. Rawat  and  U. C. Chaturvedi}, 
title={Japanese encephalitis virus latency following
congenital infection in mice}, 
journal={J. Gen. Virol. },  
volume={67 (Pt. 5)},  
year={1986}, 
pages={945-947}}

@article{mauss2009,
author= {I. Mauss and M. Robinson},
title={{Measures of emotion: a review}},
journal={Cognition and Emotion}, 
volume={23}, 
year={2009},
pages={209-237}}

@incollection{mcclelland2001,
	author = {J. McClelland},
       title = {{"Failures to Learn and Their
                  Remediation"}},
       booktitle = {Mechanisms of Cognitive Development: Behavioral
                     and Neural Perspectives},
       editor = {J. McClelland and R. Siegler},
       publisher = {Lawrence Erlbaum Associates, Publishers},
       year = {2001},
       pages = {97 - 122}}

@article{mcfallngai2007,
author= {M. McFall-Ngai},
title={Care for the community},
journal={Nature}, 
volume={445}, 
note={January 11},
year={2007},
pages={153}}

@article{mcmahon2005, 
author= {E. J. McMahon  and  S. L. Bailey  and  C. V. Castenada and  H. Waldner  and  S. D. Miller}, 
title={Epitope spreading initiates
in the CNS in two mouse models of multiple sclerosis}, 
journal={Nature Medicine },  
volume={11},  
year={2005}, 
pages={335-339}}

@article{mehlhop2006, 
author= {E. Mehlhop and  M. S. Diamond}, 
title={Protective immune responses against West Nile virus are primed
by distinct complement activation pathways}, 
journal={J. Exp. Med.},  
volume={203},  
year={2006}, 
pages={1371-1381}}

@article{melchjorsen2003,
   author = {J. Melchjorsen and L. S{\o}rensen and S. Paludan},
   title = {Expression and function of chemokines during viral infections: from molecular
   mechanisms to in vivo function},
   journal = {J. Leukocyte Biology},
   volume = {74},
   pages = {331-343},
   year = {2003}}

@article{menzel2012,
author= {R. Menzel},
title={{The honeybee as a model for understanding the basis of cognition}},
journal={Nature Reviews: Neuroscience}, 
volume={13}, 
year={2012},
pages={758-768}}

@incollection{merzenich2001,
	author = {M. Merzenich},
	title = {{"Cortical Plasticity Contributing to
                  Child Development"}},
        booktitle = {{Mechanisms of Cognitive Development: Behavioral
                      and Neural Perspectives}},
	editor = {J. McClelland and R. Siegler},
	publisher = {Lawrence Erlbaum Associates, Publishers},
        year = {2001},
	pages = {67 - 96}}

@book{mithen2004,
	author = {S. Mithen},
        title = "After The Ice: A Global Human History, 20,000 - 50,000 BC",
	publisher = {Harvard University Press},
      	year = {2004}}
	
@article{miura1982, 
author= {T. Miura and  M. Sugamata and  T. Ogata  and  R. Matsuda}, 
title={Japanese encephalitis virus infection in fetal
mice at different stages of pregnancy. II. Resistance to Japanese encephalitis virus infection}, 
journal={Acta Virol.},  
volume={26},  
year={1982}, 
pages={283-287}}
	
@incollection{molawi2013,
author= {K. Molawi and M. Sieweke},
title={Transcriptional Control of Macrophage Identity,
Self-Renewal, and Function},
booktitle={Advances in Immunology},
publisher={Elsevier}, 
volume={120}, 
year={2013},
pages={269-300}}

@article{molon2005,
author= {B. Molon and G. Gri and M. Bettina and C. G\'{o}mez-Mout\'{o}n
and A. Lanzavecchia and C. Mart\'{i}nez-A and S. Ma\~{n}es and A. Viola},
title={T cell costimulation by chemokine receptors},
journal={Nature Immunology}, 
volume={6}, 
year={2005},
pages={465-471}}

@article{momburg2001, 
author= {F. Momburg  and  A. M\"{u}llbacher  and  M. Lobigs}, 
title={Modulation of transporter associated with antigen
processing (TAP)-mediated peptide import into the endoplasmic reticulum by flavivirus infection}, 
journal={ J. Virology },  
volume={75},  
year={2001}, 
pages={5663-5671}}

@article{montgomery2004,
author= {J. Montgomery and D. Madison},
title={Discrete synaptic states define a major
mechanism of synapse plasticity},
journal={Trends in Neuroscience}, 
volume={27}, 
year={2004},
pages={1-7}}

@article{moroz2014,
author= {L. Moroz and K. Kocot and M. Citarella and S. Dosung
and T. Norekian and I. Povolotskaya and A. Grigorenko and C. Dailey
and E. Berezikov and K. Buskely and A. Ptitsyn and D. Reshetov
and K. Mukherjee and T. Moroz and Y. Bobkova and F. Yu and V. Kapitonov and J. Jurka 
and Y. Bobkov and J. Swore and D. Girado and A. Fodor and F. Gusev and R. Sanford 
and R. Bruders and E. Kittler and C. Mills and J. Rast and R. Derella
and V. Solovyev and F. Kondrashov and B. Swalla and J. Sweedler 
and E. Rogaev and K. Halanynch and A. Kohn},
title={{The ctenophore genome and the evolutionary
origins of neural systems}},
journal={Nature}, 
volume={510}, 
year={2014},
pages={109-120}}

@article{moser2001,
   author = {B. Moser and P. Loescher},
   title = {Lymphocyte traffic control by chemokines},
   journal = {Nature Immunology},
   volume = {2},
   number={2},
   pages = {123-134},
   year = {2001}}

@article{mullbacher1995, 
author= {A. M\"{u}llbacher  and  M. Lobigs}, 
title={Up-regulation of MHC class I by flavivirus-induced peptide
translocation into the endoplasmic reticulum}, 
journal={Immunity},  
volume={3},  
year={1995}, 
pages={207-214}}

@article{mullbacher1991, 
author= {A. M\"{u}llbacher  and  A. B. Hill  and  R. V. Blanden  and  W. B. Cowden
and  N. J. C. King and  R T. Hla}, 
title={Alloreactive cytotoxic
T cells recognize MHC class I antigen without peptide specificity}, 
journal={J. Immunology},  
volume={147},  
year={1991}, 
pages={1765-1772}}

@article{muller2003,
author= {J. M\"{u}ller and T. Tjardes},
title ={Modeling the Cytokine Network In Vitro and In Vivo},
journal={Journal of Theoretical Medicine}, 
volume={5},
number={2}, 
year={2003},
month={June},
pages={93 - 110}}

@article{munn1998, 
author= {D. H. Munn  and  M. Zhou  and  J. T. Attwood and I.  Bondarev and  S. J. Conway 
and  B. Marshall and  C. Brown  and  A. L. Mellor}, 
title={Prevention of allogeneic fetal rejection by tryptophan catabolism}, 
journal={Science},  
volume={281},  
year={1998}, 
pages={1191-1193}} 

@article{murakami2005,
author= {Y. Murakami and K. Uchida and F. Rijli and S. Kuratani},
title={Evolution of the brain development plan: Insights form agnathans},
journal={Developmental Biology}, 
volume={280}, 
year={2005},
pages={249-259}}

@incollection{murphy2013,
author= {K. Murphy},
title={Transcriptional Control of Dendritic Cell Development},
booktitle={Advances in Immunology},
publisher={Elsevier}, 
volume={120}, 
year={2013},
pages={239-267}}

@article{murray1992, 
author= {N. Murray and  A. McMichael}, 
title={Antigen presentation in virus infection}, 
journal={Current Opinion Immunology},  
volume={4},  
year={1992}, 
pages={401-407}}

@book{murraysherman2006,
author = {S. Murray Sherman and R. Guillery},
title ={{Exploring The Thalamus and Its Role in Cortical Function}},
publisher = {The MIT Press},
year = {2006}}

@article{nahill1993, 
author= {S. R. Nahill  and  R. M. Welsh}, 
title={High frequency of cross-reactive cytotoxic T lymphocytes elicited
during the virus-induced polyclonal cytotoxic T lymphocyte response}, 
journal={J. Exp. Med.},  
volume={177},  
year={1993}, 
pages={317-327}} 

@article{naik2006, 
author= {S. H. Naik  and  D. Metcalf  and  A. van Nieuwenhuijze and  I. Wicks  and  L. Wu 
and  M. O'Keeffe  and  K. Shortman}, 
title={Intrasplenic steady-state dendritic cell precursors that are distinct from monocytes}, 
journal={Nature Immunology},  
volume={7},  
year={2006}, 
pages={663-671}} 

@inbook{napetschnig2013,
author = {J. Napetschnig and H. Wu},
title={Molecular Basis of NF-$\kappa B Signaling},
booktitle={Annual Review of Biophysics},
publisher = {Annual Reviews},
pages={443-468},
year = {2013}}

@inbook{natarajan2002,
author= {K. Natarajan and N. Dimasi and J. Wang and R. Mariuzza and D. Margulies},
title ={Structure and Function of Natural Killer Cell Receptors: Multiple
     Molecular Solutions to Self, Non self Discrimination},
booktitle={Annual Review of Immunology}, 
publisher={Annual Reviews},
volume={20}, 
year={2002},
pages={853 - 885}}

@article{neefjes2012,
author= {J. Neefjes and C. Sadaka},
title={Into the intracellular logistics of cross-presentation},
journal={Frontiers of Immunology}, 
volume={3}, 
year={2012},
pages={1-6}}

@article{niestegge2001,
   author = {G. Niestegge},
   title = {Non-Boolean Probabilities and Quantum Measurement},
   journal = {J. Physics A: Mathematical and General},
   volume = {34},
   number={30},
   pages = {12},
   year = {2001}}

@article{nelken2004,
author= {I. Nelken},
title={{Processing of complex stimuli and natural scences in the auditory cortex}},
journal={Current Opinion in Neurobiology}, 
volume={14}, 
year={2004},
pages={474-480}
}

@article{newsfocus2013,
author= {Science Staff},
title={Nervous System May Have Evolved Twice},
journal={Science}, 
volume={339}, 
year={2013},
pages={391}}

@book{nolte2002,
author = {J. Nolte},
title ={{The Human Brain: An Introduction to Its
      Functional Anatomy}},
publisher = {Mosby, A Division of Elsevier Science},
year = {2002}}

@article{nonacs1992, 
author= {R. Nonacs  and  C. Humborg  and  J. P. Tam  and  R. M. Steinman}, 
title={Mechanisms of mouse spleen dendritic cell
function in the generation of influenza-specific and  cytolytic T lymphocytes}, 
journal={J. Exp. Med.},  
volume={176},  
year={1992}, 
pages={519-529}} 

@book{north2010,
	author = {S. North and E. Ganser}, 
        title ={{Graphviz: Graph Visualization Software}},
	publisher={AT \& T},
	year={2010},
        URL = {http://www.graphviz.org}}

@article{nowak1996,
author= {M. Nowak},
title ={Immune responses against multiple epitopes: a theory for
     immunodominance and antigenic variation},
journal={Seminars in Virology}, 
volume={7}, 
year={1996},
pages={83 - 92}}

@article{oleszak2004,
author= {E. Oleszak and J. Chang and H. Friedman
         and C. Katselos and C. Platsoucas},
title ={Theiler's Virus Infection: A Model for Multiple Sclerosis},
journal={Clinical Microbiology Reviews}, 
volume={17},
number={1}, 
year={2004},
month={January},
pages={174 - 207}}

@article{oneil1979, 
author= {H. C. O'Neill  and  R. V. Blanden}, 
title={Quantitative differences in the expression of parentally-derived
H-2 antigens in F1 hybrid mice affect T-cell responses}, 
journal={ J. Exp. Med. },  
volume={149},  
year={1979}, 
pages={724-731}}

@article{onuffer2002,
author= {J. Onuffer and R. Horuk},
title ={Chemokines, chemokine receptors and small-molecule
      antagonists: recent developments},
journal={Trends in Pharmacological Sciences}, 
volume={23}, 
number={10},
year={2002},
pages={459 - 467}}

@incollection{overgaard2009,
author = {M. Overgaard},
title={{How can we know if patients in coma, vegative state or
minimally conscious state are conscious?}},
booktitle={{Progress in Brain Research}},
editor={S. Laureys et. al.},
publisher = {Elsevier},
pages={11 - 19},
year = {2009}
}

@incollection{owen2009,
author = {A. Owen and N. Schiff and S. Laureys},
title={A new era of coma and consciousness science},
booktitle={Progress in Brain Research},
editor={S. Laureys et. al.},
publisher = {Elsevier},
pages={399 - 411},
year = {2009}
}

@article{paabo1986, 
author= {S. P\"{a}\"{a}bo  and  T. Nilsson  and  P. A. Peterson}, 
title={Adenoviruses of subgenera B and  C and  D and  and E modulate cellsurface
expression of major histocompatibility complex class I antigens}, 
journal={Proc. Natl. Acad. Sci. USA},  
volume={83},  
year={1986}, 
pages={9665-9669}} 

@inbook{paulpark2008,
author= {P. Park and D. Lodowski and K. Palczewski},
title={Activation of G Protein-Coupled Receptors: Beyond Two-State Models
and Tertiary Conformational Changes},
booktitle={Annual Review of Pharmacol. Toxicol.},
publisher={Annual Reviews}, 
volume={48}, 
year={2008},
pages={107-141}}

@inbook{park2008,
author= {P. Park and D. Lodowski and K. Palczewski},
title={Activation of G Protein-Coupled Receptors:
Beyond Two-State Models and Tertiary Conformational Changes},
booktitle={Annual Review of Pharmacological Toxicity},
publisher={Annual Reviews}, 
volume={48}, 
year={2008},
pages={107-141}}

@article{pereiraleallevyteichmann2006,
author= {J. Pereira-Leal and E. Levy and S. Teichmann},
title={The origins and evolution of functional modules:
lessons from protein complexes},
journal={Phil. Trans. Royal Soc. B}, 
volume={31}, 
year={2006},
pages={507-517}}

@incollection{penrose1971,
author = {R. Penrose},
title={Angular Momentum: An Approach to Combinatorial Spacetime},
booktitle={Quantum Theory and Beyond},
editor={T. Bastin},
publisher = {Cambridge University Press},
pages={151-180},
year = {1971}}

@inbook{penrose2004chap32,
author = {R. Penrose},
title ={The Road To Reality},
chapter={Einstein's narrower path; loop variables},
publisher = {Alfred A. Knopf},
pages={934-957},
year = {2004}}

@inbook{penrose2004chap33,
author = {R. Penrose},
title ={The Road To Reality},
chapter={More radical perspectives; twistor theory},
publisher = {Alfred A. Knopf},
pages={958-1009},
year = {2004}}


@article{perelygin2002, 
author= {A. A. Perelygin  and  S. V. Scherbik  and  I. B. Zhulin  and  B. M. Stockman  and  Y. Li  and  M. A. Brinton}, 
title={Positional cloning of the murine flavivirus resistance gene}, 
journal={Proc. Natl. Acad. Sci. USA},  
volume={99},  
year={2002}, 
pages={9322-9327}}

@incollection{perreault2010,
author= {C. Perreault},
title={The Origin and Role of MHC Class I - Associated Self Peptides},
booktitle={Progress in Molecular Biology},
publisher={Elsevier}, 
volume={92}, 
year={2010},
pages={41-60}}

@inproceedings{peterson1991c,
author = {J. Peterson},
title={Nonlinear Iterative Methods for Approximating the
         Solution to the Learning Problem in
         Arbitrary Feed Forward Networks}, 
booktitle={The Proceedings of the $2^{nd}$ Workshop on
         Neural Networks:   Academic/ Industrial/ NASA/ Defense},
URL= {www.ces.clemson.edu/$\sim$petersj/CurrentPapers/nonlin2.pdf},
organization={NASA},
year={1991},
pages= {143 - 151}}

@article{petersonkhan2006,
	author = {J. Peterson and T. Khan},
        title ={Abstract Action Potential Models For Toxin Recognition},
	year = {2006},
	volume = {6},
	number = {4},
	pages={199 - 234},
	journal = {Journal of Theoretical Medicine}}

@incollection{peterson2009a,
author = {N. J. K. King and A. Davison and D. Getts and
    D. Ping Lu and M. Teague Getts and A. Yeung and J. Peterson and A. M. Kesson},
title = {Enhanced antigen processing or immune evasion?
         West Nile virus and the induction of immune recognition molecules},
booktitle = {West Nile Encephalitis Virus Infection: Viral Pathogenesis and The Host Immune Response},
editor = {M. S. Diamond},
publisher = {Springer - Verlag: Emerging Infections In the 21$^{st}$ century},	 
year = {2008},
pages = {309-339}}

@techreport{peterson2014h,
author = {J. K. Peterson and  N. J. C. King and  A. M. Kesson},
title={Modeling West Nile Virus One Host Infections},
institution={Clemson University},
address={Clemson, SC USA},
URL = {http://www.ces.clemson.edu/~petersj/CurrentPapers/WNVSimulationCode-04082014.pdf},
year = {2014}}

@article{peterson2015a, 
author= {J. Peterson and A. M. Kesson and N. J. C. King}, 
title={{A Simulation For Flavivirus Infection Decoy Responses}}, 
journal={Advances in Microbiology},
volume={5},  
url={http://dx.doi.org/10.4236/aim.2015.52013},
number={2},
year={2016}, 
pages={123-142}}

@article{peterson2015-review,
author= {J. Peterson},
title={Computation In Networks},
journal={Computational Cognitive Science}, 
volume={1:1}, 
year={2015},
url={http://dx.doi.org/10.1186/s40469-015-0003-z}}
	
@article{peterson2015-nodalapprox,
author= {J. Peterson},
title={Nodal Computation Approximations in Asynchronous Cognitive Models},
journal={Computational Cognitive Science}, 
volume={1:4}, 
year={2015},
url ={http://dx.doi.org/10.1186/s40469-015-0004-y}}

@book{peterson2016-compcoga,
author = {J. Peterson},
title = {{Calculus for Cognitive Scientists: Derivatives, Integration and Modeling}},
doi={10.1007/978-981-287-874-8},
publisher={Springer Series on Cognitive Science and Technology },
address={Springer Science$+$Business Media Singapore Pte Ltd.
               152 Beach Road, \#22-06/08 Gateway East
               Singapore 189721, Singapore},
year ={2016}}
	
@book{peterson2016-compcogb,
author = {J. Peterson},
title = {{Calculus for Cognitive Scientists: Higher Order Models and Their Analysis}},
doi={10.1007/978-981-287-877-9},
publisher={Springer Series on Cognitive Science and Technology },
address={Springer Science$+$Business Media Singapore Pte Ltd.
               152 Beach Road, \#22-06/08 Gateway East
               Singapore 189721, Singapore},
year ={2016}}

@book{peterson2016-compcogc,
author = {J. Peterson},
title = {{Calculus for Cognitive Scientists: Partial Differential Equation Models}},
doi={10.1007/978-981-287-880-9},
publisher={Springer Series on Cognitive Science and Technology },
address={Springer Science$+$Business Media Singapore Pte Ltd.
               152 Beach Road, \#22-06/08 Gateway East
               Singapore 189721, Singapore},
year ={2016}}

@book{peterson2016-compcogd,
author = {J. Peterson}, 
title ={{BioInformation Processing: 
             A Primer On Computational Cognitive Science}}, 
doi={10.1007/978-981-287-871-7},
publisher={Springer Series on Cognitive Science and Technology },
address={Springer Science$+$Business Media Singapore Pte Ltd.
               152 Beach Road, \#22-06/08 Gateway East
               Singapore 189721, Singapore},
year ={2016}}

@article{peterson2016c, 
author= {J. Peterson and A. M. Kesson and N. J. C. King}, 
title={{Using A Collateral Damage Model To Explain
      Survival Data In West Nile Virus Infections}}, 
journal={Advances in Microbiology},
volume={6},  
url={http://dx.doi.org/10.4236/aim.2016.64025},
number={2},
year={2016}, 
pages={12}}

@article{peterson2016d, 
author= {J. Peterson}, 
title={{Zombies, Predatory Wasps and Consciousness}}, 
journal={To Be Determined},
volume={},  
note={Draft and Presentation at B.E.E.R. (International Symposium on 
Biomathematics Education and Research) 2016},
year={2016}}

@incollection{peterson2016e,
author = {J. Peterson},
title={Modeling Associations: Sensor Fusion and Signaling Bar Codes},
booktitle={Handbook of Research on Applied Cybernetics and Systems Science},
editor={S. Saha and A. Mandal and A. MN and S. Sangam and S. Ram},
publisher = {IGI Global},
pages={},
year = {accepted October 15, 2016}}

@article{peterson2017a, 
author= {J. Peterson and A. M. Kesson and N. J. C. King}, 
title={{A Theoretical Model of the West Nile Virus Survival Data}}, 
journal={BMC Immunology},
volume={18(Suppl 1)},  
url={http://dx.doi.org/10.1186/s12865-017-0206-z},
number={22},
year={June 21, 2017}, 
pages={24-38}}

@article{peterson2017b, 
author= {J. Peterson and A. M. Kesson and N. J. C. King}, 
title={{A Model of Auto Immune Response}}, 
journal={BMC Immunology},
volume={18(Suppl 1)},  
url={http://dx.doi.org/10.1186/s12865-017-0208-x},
number={24},
year={June 21, 2017}, 
pages={48-65}}

@incollection{peterson2017e,
author = {J. Peterson},
title={Modeling Associations: Sensor Fusion and Signaling Bar Codes},
booktitle={Handbook of Research on Applied Cybernetics and Systems Science},
editor={S. Saha and A. Mandal and A. MN and S. Sangam and S. Ram},
publisher = {IGI Global},
pages={115-152},
year = {May 2017}}


@article{petersmarion1996,
author= {M. Peters},
title ={Actions of Cytokines on the Immune Response and Viral Interactions: An
      Overview},
journal={Hepatology}, 
volume={23}, 
year={1996},
pages={909 - 916}}

@article{pierrotdeseilligny2013,
   author = {C. Pierrot-Deseilligny and J. Souberbielle},
   title = {Contribution of vitamin D insufficiency to the pathogenesis of multiple sclerosis},
   journal = {Therapeutic Advances in Neurological Disorders},
   volume = {6},
   number={2},
   url={http://dx.doi.org/10.1177/1756285612473513},
   pages = {81-116},
   year = {2013}}

@article{piguet2007, 
author= {V. Piguet  and  R. M. Steinman}, 
title={The interaction of HIV with dendritic cells: outcomes and pathways}, 
journal={Trends Immunol.},  
volume={28},  
year={2007}, 
pages={503-510}}

@book{pinel2008,
author = {J. Pinel and M. Edwards},
title={{A Colorful Introduction to the Anatomy of the Human 
Brain: A Brain and Psychology Coloring Book}},
publisher = {Pearson},
year = {2008}}

@incollection{pixley2010,
author = {F. Pixley and E. Stanley},
title={Cytokines and Cytokine Receptors Regulating Cell
Survival, Proliferation, and Differentiation in Hematopoiesis},
booktitle={Handbook of Cell Signalling: Volume Two},
editor={R. Bradshaw and E. Dennis},
publisher = {Elsevier},
pages={2733-2742},
year = {2010}}

@incollection{platt2013,
author= {A. Platt and G. Randolph},
title={Dendritic Cell Migration Through the Lymphatic Vasculature to
Lymph Nodes},
booktitle={Advances in Immunology},
publisher={Elsevier}, 
volume={120}, 
year={2013},
pages={51-68}}

@article{purbhoo2004,
   author = {M. Purbhoo and D. Irvine and J. Huppa and M. Davis},
   title = {T cell killing does not require the formation of a stable mature
   immunological synapse},
   journal = {Nature Immunology},
   volume = {5},
   number={5},
   pages = {524-530},
   year = {2004}}

@article{raizada2003,
	author = {R. Raizada and S. Grossberg},
	title = {Towards a Theory of the Laminar Architecture of Cerebral
                  Cortex: Computational Clues from the Visual System},
        journal = {Cerebral Cortex},
	year = {2003},
	pages = {100 - 113}
}

@article{rajkowska2000a,
	author = {G. Rajkowska},
	title = {Postmortem Studies in Mood Disorders
                  Indicate Altered Numbers of Neurons and Glial Cells},
        journal = {Biological Psychiatry},
	year = {2000},
	volume = {48},
	pages = {766 - 777}}

@inbook{rall77,
author = {W. Rall},
title ={Core Conductor Theory and Cable Properties of Neurons},
booktitle ={Handbook of Physiology, Section 1: The Nervous System, Vol. 1,
           Cellular Biology of Neurons, Part 1},
chapter={3},
publisher = {Oxford University Press},
address={London},
pages={39 - 67},
year = {1977}}

@incollection{raport2010,
author = {C. Raport and P. Gray},
title={Chemokines and Chemokine Receptors},
booktitle={Handbook of Cell Signalling: Volume One},
editor={R. Bradshaw and E. Dennis},
publisher = {Elsevier},
pages={157-161},
year = {2010}}

@incollection{roberts2009,
author= {L. Roberts and C. Jopling and R. Jackson and A. Willis},
title={Viral Strategies to Subvert the Mammalian Translation Machinery},
booktitle={Progress in Molecular Biology},
publisher={Elsevier}, 
volume={90}, 
year={2009},
pages={313-367}}

@article{roberts2010,
author= {A. Roberts and W. Li and S. Soffe},
title={How neurons generate behavior in a hatchling amphibian tadpole: an outline},
journal={Frontiers in Behavioral Neuroscience}, 
volume={4}, 
year={2010},
pages={1-11}}

@article{rodriguez2004,
author= {A. Rodriguez and J. Whitson and R. Granger},
title ={Derivation and analysis of basic computational operations of thalamocortical circuits},
journal={Journal of Cognitive Neuroscience}, 
volume={16}, 
number={5},
year={2004},
pages={856-877}
}

@article{roehrig2002, 
author= {J. T. Roehrig  and  M. Layton  and  P. Smith  and  G. L. Campbell  and  R. Nasci  and  R. S. Lanciotti}, 
title={The emergence of
West Nile virus in North America: ecology and  epidemiology and  and surveillance}, 
journal={Current Topics Microbiol. Immunol.},  
volume={267},  
year={2002}, 
pages={223-240}}

@article{rolls2007,
   author = {E. Rolls},
   title = {{A computational neuroscience approach to consciousness}},
   journal = {Neural Networks},
   volume = {20},
   pages = {962 - 982},
   year = {2007}
}

@article{romani1985, 
author= {N. Romani  and  G. Stingl  and  E. Tschachler  and  M. D. Witmer  and  R. M. Steinman
and  E. M. Shevach  and  G. Schuler}, 
title={The Thy-1-bearing cell of murine epidermis. A distinctive leukocyte perhaps related to natural
killer cells}, 
journal={J. Exp. Med.},  
volume={161},  
year={1985}, 
pages={1368-1383}} 

@incollection{rosenbaum2010,
author = {D. Rosenbaum and S. Rasmussen and B. Kobilka},
title={The $\beta_2$ Adrenergic Receptor as a Model
for G-Protein-Coupled Receptor Structure and Activation by
Diffusible Hormones},
booktitle={Handbook of Cell Signalling: Volume One},
editor={R. Bradshaw and E. Dennis},
publisher = {Elsevier},
pages={163-169},
year = {2010}}

@inbook{rossi2000,
author= {D. Rossi and A. Zlotnik},
title ={The Biology of Chemokines and their Receptors},
booktitle={Annual Review of Immunology}, 
publisher={Annual Reviews},
volume={18}, 
year={2000},
pages={217 - 242}}

@inbook{rossjohn2015,
author = {J. Rossjohn and S. Gras and J. Miles and S. Turner and D. Godfrey and J. McCluskey},
title={T Cell Antigen Receptor Recognition of Antigen-Presenting Molecules},
booktitle={Annual Review of Immunology},
publisher = {Annual Reviews},
pages={169-200},
year = {2015}}

@inbook{rot2004,
author= {A. Rot and U. von Andrian},
title ={Chemokines in innate and adaptive host defense: basic chemokinese
       grammar for immune cells},
booktitle={Annual Review of Immunology}, 
publisher={Annual Reviews},
volume={22}, 
year={2004},
pages={891 - 928}}

@article{rouas1997, 
author= {N. Rouas-Freiss  and  R. M. Goncalves  and  C. Menier  and  J. Dausset  and  E. D. Carosella}, 
title={Direct evidence to
support the role of HLA-G in protecting the fetus from maternal uterine natural killer cytolysis}, 
journal={Proc. Natl. Acad. Sci. USA},  
volume={94},  
year={1997}, 
pages={11520-11525}} 

@book{rovelli2013,
author = {C. Rovelli and F. Vidotto},
title={{An Elementary introduction to Quantum Gravity and Spinfoam Theory}},
publisher = {Self},
url={http://www.cpt.univ-mrs.fr/~rovelli/IntroductionLQG.pdf},
year = {2013}}

@inbook{rudolph2006,
author= {M. Rudolph and R. Stanfield and I. Wilson},
title={How TCRs Bind MHCs, Peptides, and Coreceptors},
booktitle={Annual Review of Immunology},
publisher={Annual Reviews}, 
volume={24}, 
year={2006},
pages={419-466}}

@incollection{rudolph2010,
author = {M. Rudolph and R. Stanfield and I. Wilson},
title={T Cell Receptor/ pMHC Complexes},
booktitle={Handbook of Cell Signalling: Volume One},
editor={R. Bradshaw and E. Dennis},
publisher = {Elsevier},
pages={55-62},
year = {2010}}

@book{rumelhart1986,
author = {D. Rumelhart and J. McClelland},
title = {{Parallel Distributed 
   Processing: Explorations in the Microstructure of Cognition}},
publisher = {MIT Press},
year = {1986}}

@article{rusk2014,
author= {N. Rusk},
title={Orthogonal logic gates},
journal={Nature Methods}, 
volume={11}, 
year={2014},
pages={130}}

@article{russo2013,
author= {S. Russo and E. Nestler},
title={{The brain reward circuitry in mood disorders}},
journal={Nature Reviews: Neuroscience}, 
volume={14}, 
year={2013},
pages={609-625}}

@article{ryan2013,
author= {J. Ryan and K. Pang and C. Schnitzler and A. Nguyen
and R. Moreland and D. Simmons and B. Koch and W. Francis
and P. Havlak and S. Smith and N. Putnam and S. Hannock and C. Dunn
and T. Wolfsberg and J. Mullikin and M. Martindale and A. Baxevanis},
title={The genome of the Ctenophore Mnemiopsis leidyi and Its
Implications for Cell Type Evolution},
journal={Science}, 
volume={342}, 
year={2013},
pages={1336-1344}}

@article{samuel2005, 
author= {M. A. Samuel  and  M. S. Diamond}, 
title={$\alpha / \beta$ interferon protects against lethal West Nile virus
infection by restricting cellular tropism and enhancing neuronal surviva}, 
journal={l. J. Virology},  
volume={79},  
year={2005}, 
pages={13350-13361}} 

@article{samuel2006, 
author= {M. A. Samuel  and  K. Whitby  and  B. C. Keller  and  A. Marri  and  W. Barchet  and  B. R. Williams
and  R. H. Silverman  and  M. Jr. Gale  and  M. S. Diamond}, 
title={PKR and RNase L contribute to protection against lethal West Nile
Virus infection by controlling early viral spread in the periphery and replication in neurons}, 
journal={J. Virol.},  
volume={80},  
year={2006}, 
pages={7009-7019}}

@inbook{sanes2009,
author= {J. Sanes and M. Yamagata},
title={Many Paths to Synaptic Specificity},
booktitle={Annual Review of Cellular and Developmental Biology},
publisher={Annual Reviews}, 
volume={25}, 
year={2009},
pages={161-195}}

@article{sanes2010,
author= {J. Sanes and S. Zipursky},
title={Design Principles of Insect and Vertebrate Visual Systems},
journal={Neuron}, 
volume={66}, 
number={1},
year={2010},
pages={15-36}}

@article{santoro2003,
author= {M. Santoro and A. Rossi and C. Amici},
title ={ NF-$\kappa$B and virus infection: who controls whom},
journal={The EMBO Journal}, 
volume={22},
number={11}, 
year={2003},
pages={2552 - 2560}} 

@article{saper2010,
author= {C. Saper},
title={The Dance of the Perivascular and Endothelial
Cells: Mechanisms of Brain Response to Immune Signalling},
journal={Neuron}, 
volume={65}, 
year={2010},
pages={4-6}}

@article{sargent1993, 
author= {I. L. Sargent}, 
title={Maternal and fetal immune responses during pregnancy}, 
journal={Exp. Clin. Immunogenetics},  
volume={10},  
year={1993}, 
pages={85-102}}

@article{sarma2010,
author= {J. Sarma},
title={A Mechanism of Virus-Induced Demyelination},
journal={Interdisciplinary Perspectives on Infectious Diseases}, 
volume={2010}, 
year={2010},
pages={1-28}}

@incollection{schenten2011,
author= {D. Schenten and R. Medzhitov},
title={The Control of the Adaptive Immune Responses by the Innate Immune System},
booktitle={Advacnes in Immunology},
publisher={Elsevier}, 
volume={109}, 
year={2011},
pages={87-124}}

@article{scherret2001, 
author= {J. H. Scherret  and  M. Poidinger  and  J. S. Mackenzie  and  A. K. Broom  and  V. Deubel 
and  Lipkin WI  and  Briese T  and  Gould EA  and 
Hall RA}, 
title={The relationships between West Nile and Kunjin viruses}, 
journal={Emerg. Infect. Dis.},  
volume={7},  
year={2001}, 
pages={697-705}}

@article{schieffer2014,
   author = {D. Schieffer and S. Naware and W. Bakun and A. Barnezai},
   title = {Lipid reft-based membrane order is important for antigen-specific clonal expansion of CD4$^+$ T lymphocytes},
   journal = {BMC Immunology},
   volume = {15},
   number={58},
   url= {http://dx.doi.org/10.1186/s12865-014-0058-8},
   year = {2014}}

@article{schleif2015,
author= {F. Schlief and P. Tino},
title={{Indefinite Proximity Learning: A Review}},
journal={Neural Computation}, 
volume={27}, 
year={2004},
pages={2039-2096}}

@article{schneider2006, 
author= {B. S. Schneider  and  L. Soong  and  Y. A. Girard  and  G. Campbell  and  P. Mason  and  S. Higgs}, 
title={Potentiation of West Nile encephalitis by mosquito feeding}, 
journal={Viral Immunology},  
volume={19},  
year={2006}, 
pages={74-82}}

@inbook{shastri2002,
author= {N. Shastri and S. Schwab and T. Serwold},
title ={Producing Nature's Gene Chips: the generation of
     peptides for display by MHC Class I molecules},
booktitle={Annual Review of Immunology}, 
publisher={Annual Reviews},
volume={20}, 
year={2002},
pages={463 - 493}}

@article{schwarzenberger1996, 
author= {K. Schwarzenberger and  M. C. Udey}, 
title={Contact allergens and epidermal proinflammatory cytokines
modulate Langerhans cell E-cadherin expression in situ}, 
journal={J. Invest. Dermatol.},  
volume={106},  
year={1996}, 
pages={553-558}}

@article{selin1994, 
author= {L. K. Selin  and  S. R. Nahill  and  R. M. Welsh}, 
title={Cross-reactivities in memory cytotoxic T lymphocyte
recognition of heterologous viruses}, 
journal={ J. Exp. Med.},  
volume={179},  
year={1994}, 
pages={1933-1943}}

@article{shatz2009,
author= {C. Shatz},
title={MHC Class {I}: An Unexpected Role in Neuronal Plasticity},
journal={Neuron}, 
volume={64}, 
year={2009},
pages={40-45}}

@article{shen1995a, 
author= {J. Shen  and  J. M. Devery  and  N. J. C. King}, 
title={Adherence status regulates the primary cellular activation
responses to the flavivirus West Nile}, 
journal={Immunology},  
volume={84},  
year={1995}, 
pages={254-264}}

@article{shen1995b, 
author= {J. Shen and  J. M. Devery  and  N. J. C. King}, 
title={Early induction of interferon-independent virus-specific
ICAM-1 (CD54) expression by flavivirus in quiescent but not proliferating fibroblasts–
implications for virus-host interactions}, 
journal={Virology},  
volume={208},  
year={1995}, 
pages={437-449}}

@article{shen1997, 
author= {J. Shen and  S. S. T-To  and  L. Schrieber  and  N. J. C. King}, 
title={Early E-selectin and  VCAM-1 and  ICAM-1 and  and late
major histocompatibility complex antigen induction on human endothelial cells by flavivirus
and comodulation of adhesion molecule expression by immune cytokines}, 
journal={J. Virology},  
volume={71},  
year={1997}, 
pages={9323-9332}}

@article{sherman2004,
author= {S. Sherman},
title={{Interneurons and triadic circuitry of the thalamus}},
journal={Trends in Neuroscience}, 
volume={27}, 
number={11},
year={2004},
pages={670-675}}

@book{sherman2013,
author = {S. Sherman and R. Gullery},
title={{Functional Connections of Cortical Areas: A New View of the
Thalamus}},
publisher = {The MIT Press},
year = {2013}}

@inbook{shevach2011,
author= {E. Shevach},
title={Biological Functions of Regulatory T Cells},
booktitle={Advances in Immunology},
publisher={Elsevier}, 
volume={112}, 
year={2011},
pages={137-176}}

@article{shimonkevitz1985, 
author= {R. Shimonkevitz  and  B. Luescher  and  J. C. Cerottini  and  H. R. MacDonald}, 
title={Clonal analysis of cytolytic T
lymphocyte-mediated lysis of target cells with inducible antigen expression: correlation
between antigen density and requirement for Lyt-2/3 function}, 
journal={J. Immunology},  
volume={135},  
year={1985}, 
pages={892-899}}

@phdthesis{shrestha2002,
author = {B. Shrestha}, 
title={A study of pathogenesis of West Nile virus encephalitis in the adult murine mode}, 
school = {The University of Sydney, Sydney Australia},
year = {2002}}

@article{shrestha2004, 
author= {B. Shrestha  and  M. S. Diamond}, 
title={Role of CD8$^+$ T cells in control of West Nile virus infection}, 
journal={J. Virology},  
volume={78},  
year={2004}, 
pages={8312-8321}} 

@article{shrestha2006a, 
author= {B. Shrestha  and  M. A. Samuel  and  M. S. Diamond}, 
title={CD8$^+$ T cells require perforin to clear West Nile
virus from infected neurons}, 
journal={J. Virology},  
volume={80},  
year={2006}, 
pages={119-129}}

@article{shrestha2006b, 
author= {B. Shrestha  and  T. Wang  and  M. A. Samuel  and  K. Whitby  and  J. Craft  and  E. Fikrig  and  M. S. Diamond}, 
title={$\gamma$
interferon plays a crucial early antiviral role in protection against West Nile virus infection}, 
journal={J. Virology},  
volume={80},  
year={2006}, 
pages={5338-5348}}

@article{silvia2004,
author= {O. Silvia and L. Pantelic and J. Mackenzie and G. Shellam
and J. Papadimitriou and N. Urosevik},
title={Virus spread, tissue inflammation and antiviral
response in brains of flavivirus susceptible and resistant mice
accutely infected with Murray Valley encephalitis virus},
journal={Archives of Virology}, 
volume={149}, 
year={2004},
pages={447-464}}

@article{silva2007, 
author= {M. C. Silva and  A. Guerrero-Plat and  F. D. Gilfoy and  R. P. Garofalo and  P. W. Mason}, 
title={Differential activation of
human monocyte-derived and plasmacytoid dendritic cells by West Nile virus generated in
different host cells}, 
journal={J. Virology},  
volume={},  
year={2007}, 
pages={}}

@article{singh2008,
author= {G. Singh and F. Memoli and T. Ishkhanov and G. Sapiro and G. Carlsson and D. Ringach},
title={{"Topological analysis of population activity in visual cortex"}},
journal={Journal of Vision}, 
volume={8}, 
year={2008},
pages={1-18}}

@misc{siphonophore,
  author = {EV Nautilus},
  title = {Stunning Siphonophore},
  howpublished = {\url{https://www.youtube.com/watch?v=8KZsrDGLUJQ}},
  note = {Published: Jun 27, 2014, Accessed: October 28, 2014},
  year={2014}
}

@article{sjohplm2005,
author= {M. Sj\"oholm and I. Sinakevitch and R. Ignell and N. Strausfeld
and B. Hansson},
title={Organization of Kenyon Cells in Subdivisions of the 
Mushroom Bodies of a Lepidopteran Insect},
journal={The Journal of Comparative Neurology}, 
volume={491}, 
year={2005},
pages={290-304}}

@article{skokos2007,
author= {D. Skokos and G. Shakhar and R. Varma and J. Waite and T. Cameron
and R. Lindquist and T. Schwickeret and M. Nussenzweig and M. Dustin},
title={Peptide-MHC potency governs dynamic interactions between
T cells and dendritic cells in lymph nodes},
journal={Nature Immunology}, 
volume={8}, 
year={2007},
pages={835-844}}

@article{smithburn1940, 
author= {K. C. Smithburn and  T. P. Hughes  and  A. W. Burke  and  J. H. Paul}, 
title={A neurotropic virus isolated from the blood
of a native of Uganda}, 
journal={Am. J. Trop. Med. },  
volume={20},  
year={1940}, 
pages={471-492}}

@inbook{smithgarvin2009,
author= {J. Smith-Garvin and G. Koretzky and M. Jordan},
title={T Cell Activation},
booktitle={Annual Review of Immunology}, 
publisher={Annual Reviews},
volume={27}, 
year={2009},
pages={591-619}}

@inbook{sneppen2010,
author= {K. Sneppen and S. Krishna and S. Semsey},
title={Simplified Models of Biological Networks},
booktitle={Annual Review of Biophysics}, 
publisher={Annual Reviews},
volume={39}, 
year={2010},
pages={43-59}}

@article{somel2013,
author= {M. Somel and X. Liu and P. Khaitovich},
title={Human brain evolution: transcripts, metabolites and their regulators},
journal={Nature Reivews: Neuroscience}, 
volume={112}, 
year={2013},
pages={112-127}}

@article{sorkin2003a,
author = {R. Sorkin},
title = {Causal Sets: Discrete Graphity},
journal = {arXiv.org: General Relativity - Quantum Cosmology},
volume = {arXiv:0309009v1 [gr-qc]},
pages = {1-27},
year = {2003}}

@article{sprecher2003,
author= {S. Sprecher and H. Reichert},
title={The urbilaterian brain: developmental insights into the
evolutionary origin of the brain in insects and vertebrates},
journal={Arthopod Structure and Development}, 
volume={32}, 
year={2003},
pages={141-156}}

@article{springer1990, 
author= {T. A. Springer}, 
title={Adhesion receptors of the immune system}, 
journal={Nature},  
volume={346},  
year={1990}, 
pages={425-434}}

@article{stam2005,
   author = {C. Stam},
   title = {{Nonlinear dynamical analysis of EEG and MEG: Review of an emerging field}},
   journal = {Clinical Neurophysiology},
   volume = {116},
   pages = {2266 2301},
   year = {2005}
}

@book{striedter2004,
author = {G. Striedter},
title ={{Principles of Brain Evolution}},
publisher = {Sinauer Associates},
year = {2004}}

@inbook{steinman2003, 
author= {R. M. Steinman  and  D. Hawiger  and  M. C. Nussenzweig}, 
title={Tolerogenic dendritic cells}, 
booktitle={Annual Review of Immunology}, 
publisher={Annual Reviews},
volume={21},  
year={2003}, 
pages={685-711}}

@inbook{steinman2014,
   author = {L. Steinman},
   title = {Immunology of Relapse and Remission in Multiple Sclerosis},
   booktitle = {Annual Review of Immunology},
   publisher={Annual Reviews},
   volume = {32},
   pages = {257-281},
   year = {2014}}
   
@article{stephan2004,
author= {K. Stephan and L. Harrison and W. Penny and K. Friston},
title = {{Biophysical models of fMRI responses}},
journal={Current Opinion In Neurobiology}, 
volume={14}, 
year={2004},
pages={629 - 635}}

@incollection{stroud2010,
author = {R. Stroud},
title={Overview of Cytokine Receptors},
booktitle={Handbook of Cell Signalling: Volume One},
editor={R. Bradshaw and E. Dennis},
publisher = {Elsevier},
pages={235-236},
year = {2010}}

@book{stuss2002,
editor={D. Stuss and R. Knight},
title={{Principles of Frontal Lobe Function}},
publisher={Oxford University Press}, 
year={2002}}

@article{sugamata1982, 
author= {M. Sugamata and  T. Miura}, 
title={Japanese encephalitis virus infection in fetal mice at different stages
of pregnancy I. Stillbirth}, 
journal={Acta Virol.},  
volume={26},  
year={1982}, 
pages={279-282}} 

@article{suthor2013,
author= {M. Suthor and M. Diamond and M. Gale},
title={West Nile virus infection and immunity},
journal={Nature Reviews Microbiology}, 
volume={11}, 
year={2013},
pages={115-128}}

@article{tafuri1995, 
author= {A. Tafuri and  J. Alferink and  P. Moller  and  G. J. Hammerling and  B. Arnold}, 
title={T cell awareness of paternal
alloantigens during pregnancy}, 
journal={Science},  
volume={270},  
year={1995}, 
pages={630-633}}

@article{takasuka2015,
author= {K. Takasuka and T. Yasui and T. Ishigami and K. Nakata and
R. Matsumoto and K. Ikeda and K. Maeto},
title={{Host Manipulation by an ichneumonid spider extoparasitoid that
takes advantage of preprogrammed web-building behavior for its
cocoon protection}},
journal={The Journal of Experimental Biology}, 
volume={218},
url = {http://dx.doi.org/10.1242/jeb.122739},
year={2015},
pages={2326-2332}}

@inbook{taylor2005,
author= {P. Taylor and L. Martinez-Pomares and M. Stacey and H. Lin and G. Brown 
and S. Gordon},
title={Macrophage Receptors and Immune Recognition},
booktitle={Annual Review of Immunology},
publisher={Annual Reviews}, 
volume={23}, 
year={2005},
pages={901-944}}

@article{tewari2012,
author= {S. Tewari and K. Majumdar},
title={A Mathematical model of the tripartite synapse:
astrocyte-induced synaptic plasticity},
journal={J. Biol. Physics}, 
volume={38}, 
year={2012},
pages={465-496}}

@article{thaiss2011,
author= {C. Thaiss and V. Semmling and L. Franken and H. Wagner and C. Kurts},
title={{Chemokines: a new dendritic cell signal for T cell activation}},
journal={Frontiers in Immunology}, 
volume={2}, 
year={2011},
pages={1-9}}

@inbook{theofilopoulos2005,
author= {A. Theofilopoulos and R. Baccala and B. Beutler and D. Kono},
title={Type I Interferons ($\alpha/\beta$) in Immunity and Autoimmunity},
booktitle={Annual Review of Immunology},
publisher={Annual Reviews}, 
volume={23}, 
year={2005},
pages={307-335}}

@article{thurner2004,
author= {C. Thurner and C. Witwer and I. Hofacker and P. Stadler},
title ={Conserved RNA Secondary Structures in Flaviviridae Genomes},
journal={Journal of General Virology}, 
volume={85 Part 5}, 
year={2004},
pages={1113 - 1124}}

@article{tian1994, 
author= {L. Tian  and  N. J. C. King}, 
title={Interferon gamma induces intercellular adhesion molecule-1 on murine
midterm trophoblast and enhances susceptibility to specific lysis by paternally directed alloimmune
cytotoxic T cells}, 
journal={Biol.Reprod.},  
volume={51},  
year={1994}, 
pages={1164-1172}} 

@article{trautmann2005,
   author = {A. Trautmann},
   title = {Cemokines as Immunotransmitters},
   journal = {Nature Immunology},
   volume = {6},
   number={5},
   pages = {427-428},
   year = {2005}}

@inbook{trombetta2005,
author= {E. Trombetta and I. Mellman},
title={Cell Biology of Antigen Processing In Vitro and In Vivo},
booktitle={Annual Review of Immunology},
publisher={Annual Reviews}, 
volume={23}, 
year={2005},
pages={975-1028}}

@article{tuominen2014,
   author = {H. Tuominen},
   title = {Analysis in Metric Spaces},
   journal = {Unpublished Lecture Notes},
   pages = {1-87},
   url = {https://helituominen.files.wordpress.com/2014/01/luennot23.pdf},
   year = {2014}}

@article{twiddy2002,
author= {S. Twiddy and C. Woelk and E. Holmes},
title ={Phylogenetic evidence for adaptive evolution of dengue
     viruses in nature},
journal={Journal of General Virology}, 
volume={83}, 
year={2002},
pages={1679 - 1689}}

@article{twiddy2003,
author= {S. Twiddy and O. Pybus and E. Holmes},
title ={Comparative population dynamics of mosquito-borne
       flaviviruses},
journal={Infection, Genetics and Evolution}, 
volume={3}, 
year={2003},
pages={87 - 95}}

@incollection{vaine2014,
author= {C. Vaine and R. Soberman},
title={The CD200 - CD200R1 Inhibitory Signaling Pathway:
Immune Regulation and Host - Pathogen Interactions},
booktitle={Advances in Immunology},
publisher={Elsevier}, 
volume={121}, 
year={2014},
pages={191-211}}

@article{vandenpol2009,
author= {A. van den Pol},
title={{Viral Infection Leading to Brain Dysfunction: More Prevalent Than
Appreciated?}},
journal={Neuron}, 
volume={64}, 
year={2009},
pages={17-20}}

@article{vanderWoude2004,
author= {M. van der Woude and A. B\"{a}umler},
title ={Phase and Antigenic Variation in Bacteria},
journal={Clinical Microbiology Reviews}, 
volume={17},
number={3}, 
month={July},
year={2004},
pages={581 - 611}} 

@article{vela2015,
   author = {M. Vela and M. Aris and M. Llorente and J. Garcia-Sanz and L. Kremer},
   title = {Chemokine receptor-specific antibodies in cancer immunotherapy: achievements and challenges},
   journal = {Frontiers in Immunology},
   volume = {6},
   number={12},
   url = {http://dx.doi.org/10.3389/fimmu.2015.00012},
   year = {2015}}
   
@inbook{viola2007,
author = {A. Viola and A. Luster},
title={Chemokines and Their Receptors: Drug Targets in Immunity
and Inflammation},
booktitle={Annual Review of Pharmacology and Toxicology},
publisher = {Annual Reviews},
pages={171-197},
year = {2007}}

@article{visser2007a,
author = {M. Visser and S. Weinfurtner},
title = {Analogue spacetimes: Toy models for ``quantum gravity''},
journal = {arXiv.org: General Relativity - Quantum Cosmology},
volume = {arXiv:0712.0427v1 [gr-qc]},
pages = {1-24},
year = {2007}}

@article{wacher2007, 
author= {C. Wacher  and  M. Muller  and  M. J. Hofer and  D. R. Getts  and  R. Zabaras  
and  S. S. Ousman  and  F. Terenzi  and  G. C. Sen  and  N. J. C. King  and 
I. L. Campbell}, 
title={Coordinated regulation and widespread cellular expression of interferon stimulated
genes (ISG) ISG-49 and  ISG-54 and  and ISG-56 in the central nervous system after infection
with distinct viruses}, 
journal={J. Virology},  
volume={81},  
year={2007}, 
pages={860-871}}

@article{wagner1994,
author= {Wagner and Keizer},
title ={Effects of Rapid Buffers on Ca$^{+2}$
       Diffusion and Ca$^{+2}$ Oscillations},
journal={BioPhysical Journal}, 
volume={67}, 
year={1994},
pages={447 - 456}}

@article{wagner2012,
author= {C. Wagner and J. Grotzke and P. Cresswell},
title={Intracellular events regulating cross-presentation},
journal={Frontiers in Immunology}, 
volume={3}, 
year={2012},
pages={1-7}}

@book{wagner2014,
author = {G. Wagner},
title={Homology, genes, and evolutionary innovation},
publisher = {Princeton University Press},
address={Princeton, NJ},
year = {2014}}


@article{wahl2000,
author= {L. Wahl and B. Bittner and M. Nowak},
title ={Immunological transitions in response to antigenic mutation during
     viral infection},
journal={International Immunology}, 
volume={12}, 
number={10},
year={2000},
pages={International Immunology}}

@article{waithman2007, 
author= {J. Waithman and  R. S. Allan  and  H. Kosaka and  H. Azukizawa  
and  K. Shortman  and  M. B. Lutz  and  W. R. Heath  and  F. R. Carbone  and 
G. T. Belz}, 
title={Skin-derived dendritic cells can mediate deletional tolerance of class
I-restricted self-reactive T cells}, 
journal={J. Immunology},  
volume={179},  
year={2007}, 
pages={4535-4541}}

@article{walther2004,
author= {B. Walther and P. Ewald},
title ={Pathogen survival in the external environment and the evolution
     of virulence},
journal={Biol. Rev.}, 
volume={79}, 
year={2004},
pages={849 - 869}}

@incollection{walter2010,
author = {M. Walther},
title={Structure of IFN$\gamma$ and its Receptors},
booktitle={Handbook of Cell Signalling: Volume One},
editor={R. Bradshaw and E. Dennis},
publisher = {Elsevier},
pages={261-263},
year = {2010}}

@article{wang2003a, 
author= {T. Wang  and  E. Scully and  Z. Yin  and  J. H. Kim  and  S. Wang  and  Yan J  
and  M. Mamula  and  J. F. Anderson  and  J. Craft and  E. Fikrig}, 
title={IFN-$\gamma$-producing gamma delta T cells help control murine West Nile virus
infection}, 
journal={J. Immunology},  
volume={171},  
year={2003}, 
pages={2524-2531}}

@article{wang2003b, 
author= {Y. Wang  and  M. Lobigs  and  E. Lee and  A. M\"{u}llbacher}, 
title={CD8$^+$ T cells mediate recovery and immunopathology
in West Nile virus encephalitis}, 
journal={J. Virology},  
volume={77},  
year={2003}, 
pages={13323-13334}}

@article{wang2004, 
author= {T. Wang  and  T. Town and  L. Alexopoulou  and  J. F. Anderson and  E. Fikrig  and  R. A. Flavell}, 
title={Toll-like receptor 3
mediates West Nile virus entry into the brain causing lethal encephalitis}, 
journal={Nature Medicine},  
volume={10},  
year={2004}, 
pages={1366-1373}} 

@article{wang2006, 
author= {T. Wang  and  Y. Gao  and  E. Scully  and  C. T. Davis and  J. F. Anderson and  T. Welte  
and  M. Ledizet  and  R. Koski  and  J. A. Madri  and  A. Barrett and  et-al. }, 
title={Gamma $\delta$ T cells facilitate adaptive immunity against West Nile virus
infection in mice}, 
journal={J. Immunology},  
volume={177},  
year={2006}, 
pages={1825-1832}}

@article{wang2010,
author= {Y. Wang and A. Brzozowsha-Prechtl and H. Karten},
title={{"Laminary and columnar auditory cortex in avian brain"}},
journal={Proceedings of the National Academy of Sciences}, 
volume={107}, 
number={28},
year={2010},
pages={12676-12681}}

@inbook{ware2005,
author= {C. Ware},
title={Network Communications: Lymphotoxins, LIGHT and TNF},
booktitle={Annual Review of Immunology},
publisher={Annual Reviews}, 
volume={23}, 
year={2005},
pages={787-819}}

@article{weinersmith2014,
author= {K. Weinersmith and Z. Faulkes},
title={{Parasitic Manipulation of Host's Phenotype, or How to Make
a Zombie -- An Introduction to the Symposium}},
journal={Integrative and Comparative Biology}, 
volume={54}, 
number={2},
year={2014},
pages={93-100}}

@book{weiss96a,
	author = {T. Weiss}, 
        title = {Cellular Biophysics: Volume 1, Transport},
        publisher = {MIT Press}, 
	address={Boston, MA},
	year = {1996}}
	
@book{weiss96b,
	author = {T. Weiss}, 
        title = {Cellular Biophysics: Volume 2, Electrical
                  Properties}, 
	publisher = {MIT Press}, 
	address={Boston, MA},
	year = {1996}}

@article{weiss-a1996,
author= {J. Weiss and P. Morgan, M. Lutz and T. Kenakin},
title ={The Cubic Ternary Complex Receptor-Occupancy Model:
      I: Model Description},
journal={J. Theor. Biol.}, 
volume={178}, 
year={1996},
pages={151 - 167}}

@article{weiss-b1996,
author= {J. Weiss and P. Morgan and 
         M. Lutz and T. Kenakin},
title ={The Cubic Ternary Complex Receptor-Occupancy Model:
      {II}: Understanding Affinity},
journal={J. Theor. Biol.}, 
volume={178}, 
year={1996},
pages={169 - 182}}

@article{weiss-c1996,
author= {J. Weiss and P. Morgan and M. Lutz and T. Kenakin},
title ={The Cubic Ternary Complex Receptor-Occupancy Model:
      {III}: Resurrecting Efficacy},
journal={J. Theor. Biol.}, 
volume={181}, 
year={1996},
pages={391-397}}

@inproceedings{werbos1987a,
author= {P. Werbos},
title = {Learning How the World Works},
booktitle={Proceedings of the 1987 IEEE International Conference on Systems, Man and Cybernetics},
note={Volume 1}, 
organization={IEEE}, 
year={1987},
pages={302 - 310}}

@article{werbos1987b,
author= {P. Werbos},
title = {{"Building and Understanding Adaptive Systems: A Statistical/Numerical Approach 
to Factory Automation and Brain Research"}},
journal={IEEE Trans. Systems, Man and Cybernetics}, 
volume={17}, 
year={1987},
pages={7 - 19}}

@article{werbos1988,
author= {P. Werbos},
title = {{"Generalization of Backpropagation with Application to a Recurrent Gas Market Model"}},
journal={Neural Networks}, 
volume={1}, 
year={1988},
pages={339 - 356}}

@article{werbos1990a,
author= {P. Werbos},
title = {{"Consistency of HDP Applied to a Simple Reinforcement Learning Problem"}},
journal={Neural Networks}, 
volume={3}, 
year={1990},
pages={179 - 189}}

@inbook{werbos1990b,
author = {P. Werbos},
title = {{"Overview of Designs and Capabilities"}},
booktitle = {{Neural Networks for Control}},
editor={W. Miller and R. Sutton and P. Werbos},
publisher = {Unknown},
pages={59 - 66},
year = {1990}}

@incollection{werbos1990c,
author = {P. Werbos},
title = {{"A Menu of Designs for Reinforcement Learning Over Time"}},
booktitle = {{Neural Networks for Control}},
editor={W. Miller and R. Sutton and P. Werbos},
publisher = {Unknown},
pages={67 - 96},
year = {1990}}

@article{werbos1990d,
author= {P. Werbos},
title = {{"Backpropagation Through Time: What It Does and How to Do It"}},
journal={Proceedings of the IEEE}, 
volume={78},
number={10}, 
month={October},
year={1990},
pages={1550 - 1560}}

@inproceedings{werbos1990e,
author= {P. Werbos},
title = {{"Neurocontrol and Fuzzy Logic: Connections and Designs"}},
booktitle={Proceedings of the Second Joint Technology Workshop on Neural Networks and Fuzzy Logic},
note={Volume 2},
year={1990},
pages={153 - 196}}

@incollection{westwick2010,
author = {J. Westwick and K. Schwamborn and F. Mercurio},
title={NF$\kappa$B: A Key Integrator of Cell Signalling},
booktitle={Handbook of Cell Signalling: Volume Two},
editor={R. Bradshaw and E. Dennis},
publisher = {Elsevier},
pages={2069-2076},
year = {2010}}

@book{wilkins2002,
author = {A. Wilkins},
title ={The Evolution of Developmental Pathways},
publisher = {Sinauer Associates, Inc.},
address={New York},
year = {2002}}

@article{wright1995, 
author= {K. L. Wright  and  L. C. White and  A. Kelly  and  S. Beck  and  J. Trowsdale and  J. P. Ting}, 
title={Coordinate regulation of the
human TAP1 and LMP2 genes from a shared bidirectional promoter}, 
journal={ J. Exp. Med.},  
volume={181},  
year={1995}, 
pages={1459-1471}}

@article{xiaoboli2012,
author= {X. Li and S. Xia and H. Bertish and C. Branch and L. DeLisi},
title={Unique topology of language processing brain network:
A systems-level biomarker of schizophrenia},
journal={Schizophrenia Research}, 
volume={141}, 
year={2012},
pages={128-136}
}

@inbook{yewdell1999, 
author= {J. W. Yewdell  and  J. R. Bennink}, 
title={Mechanisms of viral interference with MHC class I antigen
processing and presentation}, 
booktitle={Annual Review Cell Dev. Biol.},  
publisher={Annual Reviews},
volume={15},  
year={1999}, 
pages={579-606}} 

@inbook{yewdell2005,
author= {J. Yewdell and S. Mansour Haeryfar},
title={Understanding Presentation of Viral Antigens to
CD$8^+$ T Cells In Vivo: The Key to Rational Vaccine Design},
booktitle={Annual Review of Immunology},
publisher={Annual Reviews}, 
volume={23}, 
year={2005},
pages={651-682}}

@article{zhao2003, 
author= {X. Zhao  and  E. Deak and  K. Soderberg  and  M. Linehan and  D. Spezzano 
and  J. Zhu and  D. M. Knipe and A. Iwasaki}, 
title={Vaginal submucosal dendritic cells and  but not Langerhans cells and  induce protective Th1 responses
to herpes simplex virus-2}, 
journal={J. Exp. Med. },  
volume={197},  
year={2003}, 
pages={153-162}} 

@incollection{zhang2004,
editor = {F. Prete},
author={S. Zhang and M. Srinivasan},
booktitle ={{Complex Worlds from Simpler Nervous Systems}},
title ={{"Exploration of Cognitive Capacity in Honeybees: Higher
        Functions Emerge from small Brain"}},
note = {A Bradford Book},
publisher = {MIT Press},
pages={41 - 74},
year = {2004}}

@article{zuckermann1986, 
author= {F. A. Zuckermann  and  J. R. Head}, 
title={Expression of MHC antigens on murine trophoblast and their
modulation by interferon}, 
journal={J. Immunology},  
volume={137},  
year={1986}, 
pages={846-853}}

@article{zuniga2004, 
author= {E. L. Zuniga and  D. B. McGavern and  J. L. Pruneda-Paz  and  C. Teng and  M. B. Oldstone}, 
title={Bone marrow plasmacytoid
dendritic cells can differentiate into myeloid dendritic cells upon virus infection}, 
journal={Nature Immunology},  
volume={5},  
year={2004}, 
pages={1227-1234}} 

@incollection{zygmunt2011,
author= {B. Zygmunt and M. Veldhoen},
title={T Helper Cell Differentiation: More than Just Cytokines},
booktitle={Advances in Immunology},
publisher={Elsevier}, 
volume={109}, 
year={2011},
pages={159-196}}