
@misc{noauthor_namcsnhamcs_2019,
	title = {{NAMCS}/{NHAMCS} - {About} the {Ambulatory} {Health} {Care} {Surveys}},
	url = {https://www.cdc.gov/nchs/ahcd/about_ahcd.htm},
	language = {en-us},
	urldate = {2020-07-06},
	month = sep,
	year = {2019},
	note = {Library Catalog: www.cdc.gov},
	file = {Snapshot:/home/ian/Zotero/storage/TVBHI7TR/about_ahcd.html:text/html}
}

@article{myrick_understanding_nodate,
	title = {Understanding and {Analyzing} {Ambulatory} {Health} {Care} {Data}-{The} {NAMCS} \& {NHAMCS}  {Basic} {Data} {Analysis}},
	url = {https://www.cdc.gov/nchs/ppt/nchs2015/Myrick_Monday_GlenEcho_A2.pdf},
	language = {en},
	author = {Myrick, Kelly L},
	pages = {28},
	file = {Understanding and Analyzing Ambulatory Health Care.pdf:/home/ian/Zotero/storage/JMHE373Z/Understanding and Analyzing Ambulatory Health Care.pdf:application/pdf}
}

@article{schappert_analyzing_nodate,
	title = {Analyzing {Drug} {Data} from {NAMCS} and {NHAMCS}},
	url = {https://www.cdc.gov/nchs/ppt/nchs2015/Schappert_Monday_GlenEcho_B2.pdf},
	language = {en},
	author = {Schappert, Susan M and Rechtsteiner, Elizabeth A},
	pages = {33},
	file = {Schappert and Rechtsteiner - Analyzing Drug Data from NAMCS and NHAMCS.pdf:/home/ian/Zotero/storage/WWN56FCV/Schappert and Rechtsteiner - Analyzing Drug Data from NAMCS and NHAMCS.pdf:application/pdf}
}

@article{hing_basic_nodate,
	title = {Basic {Overview} of {The} {National} {Ambulatory} {Medical} {Care} {Survey} ({NAMCS}) and {The} {National} {Hospital} {Ambulatory} {Medical} {Care} {Survey}},
	url = {https://www.cdc.gov/nchs/ppt/nchs2015/Park_Monday_GlenEcho_A2.pdf},
	language = {en},
	author = {Hing, Esther and Myrick, Kelly L and Park, Melissa},
	pages = {42},
	file = {Hing et al. - Basic Overview of The National Ambulatory Medical .pdf:/home/ian/Zotero/storage/XYXUZLCL/Hing et al. - Basic Overview of The National Ambulatory Medical .pdf:application/pdf}
}
