
@article{mercanoglu_evaluation_2018,
	title = {The {Evaluation} of {Generic} {Antibiotic} {Usage} {Under} {The} {Perspective} of {Drug} {Cost}},
	issn = {13006363},
	url = {http://hnhtipdergisi.com/jvi.aspx?un=HNHJ-50023},
	doi = {10.14744/hnhj.2018.50023},
	abstract = {Introduction: The drug costs are the biggest expense item among health expenditures. Increasing the use of generic drugs is the most important solution for decreasing costs. Antibiotics, with an 18.1\% rate of prescription, are the most used pharmacological group worldwide. This study aims to calculate the original/generic drug costs of antibacterial agents prescribed to hospitalized patients in a university hospital.},
	language = {en},
	urldate = {2020-06-10},
	journal = {Haydarpasa Numune Training and Research Hospital Medical Journal},
	author = {Mercanoglu, GÃ¼ldem},
	year = {2018},
	file = {Mercanoglu - 2018 - The Evaluation of Generic Antibiotic Usage Under T.pdf:/home/ian/Zotero/storage/KYQA7IK7/Mercanoglu - 2018 - The Evaluation of Generic Antibiotic Usage Under T.pdf:application/pdf}
}

@article{malhan_pin34_2008,
	title = {{PIN34} {COMPARISON} {OF} {GENERIC} {AND} {BRAND} {NAME} {ANTIBIOTIC} {USAGE} {IN} {TURKEY}},
	volume = {11},
	issn = {10983015},
	url = {https://linkinghub.elsevier.com/retrieve/pii/S1098301510664790},
	doi = {10.1016/S1098-3015(10)66479-0},
	language = {en},
	number = {6},
	urldate = {2020-06-10},
	journal = {Value in Health},
	author = {Malhan, S and Oksuz, E and Tulunay, Fc},
	month = nov,
	year = {2008},
	pages = {A439},
	file = {Malhan et al. - 2008 - PIN34 COMPARISON OF GENERIC AND BRAND NAME ANTIBIO.pdf:/home/ian/Zotero/storage/K6DR36EI/Malhan et al. - 2008 - PIN34 COMPARISON OF GENERIC AND BRAND NAME ANTIBIO.pdf:application/pdf}
}
